2941 3765
675 339 729 382 ⁴⁶
1531 357 1563 390 s.
1593 357 1631 390 E.
1654 356 1838 390 Melander.

666 463 844 506 welches
899 464 1203 508 rucksichtlich
1260 465 1335 508 des
1392 464 1611 509 Numerus
1664 466 1755 509 sich
1811 466 1922 509 nach
1987 465 2082 508 dem
2130 462 2369 506 Pretdikate
2416 461 2625 516 yerichtet

662 542 746 587 hat.
812 541 936 586 Miror
984 541 1113 594 etiam,
1174 541 1513 596 Johanssonium,
1568 544 1814 605 Lhardyum,
1865 543 2073 594 Steinium,
2127 541 2357 587 Abicbtium
2405 541 2446 585 in
2492 541 2624 584 inter-

666 622 862 683 pretando
912 623 1088 682 vestigiis
1136 624 1337 667 Matthiaei
1386 624 1593 669 institisse.
1659 626 1782 669 Recte
1830 632 1962 669 autem
2010 623 2228 673 Geislerus,
2272 638 2361 682 pag.
2407 625 2479 672 25,
2515 622 2623 672 vidit,

665 703 934 748 nominativos
968 704 1014 747 αἱ
1048 706 1162 747 νύκτ.
1197 702 1278 760 ἦμ.
1313 722 1405 748 ποι.
1441 706 1494 749 ita
1526 707 1575 750 ad
1611 722 1776 751 sensum
1810 708 2065 750 con‘struetos
2097 720 2198 754 esse,
2234 710 2280 748 ut
2300 702 2376 747 ἵνα
2398 731 2456 737 --
2480 732 2540 737 -
2565 732 2624 737 -

666 790 844 841 γένηται
894 784 1016 828 verba
1066 784 1286 830 substituta
1337 786 1417 830 sint
1466 803 1537 847 pro
1586 788 1669 833 his:
1711 787 1786 831 ἵνα
1826 787 1869 830 οἱ
1900 788 1952 829 τα
1986 786 2033 837 ἓξ
2066 783 2162 828 ἔτεα
2196 791 2372 841 γένηται
2406 784 2623 828 δυώδεκα.

667 864 726 909 ita
758 863 871 910 locus
905 873 1042 910 noster
1075 865 1126 910 ad
1159 865 1456 912 similitudinem
1489 868 1684 928 redigitur
1718 867 1894 912 locorum
1926 866 2094 911 aliorum
2127 865 2190 916 Ill,
2232 866 2313 911 82:
2348 864 2375 914 l,
2403 865 2453 920 7·‚
2477 866 2522 916 ΙΙ,
2552 865 2621 917 Μ,

667 945 737 1005 qui
769 959 792 991 a
826 944 1046 1007 Kruegero,
1082 946 1128 999 ll,
1167 949 1238 999 56,
1276 951 1316 1000 9,
1354 950 1395 1000 2,
1430 947 1668 995 afferuntur.

789 1025 894 1071 Tum
938 1028 991 1072 ab
1032 1028 1288 1088 participialis
1330 1036 1558 1074 structurae
1590 1036 1628 1073 et
1661 1028 1950 1073 enunciationis
1984 1027 2170 1072 relativae
2200 1026 2492 1087 permutatione
2525 1040 2626 1086 pro-

667 1108 770 1150 fecta
804 1114 914 1151 sunt.
970 1109 999 1158 Ι,
1040 1111 1110 1159 54,
1147 1135 1206 1140 —
1241 1112 1329 1151 τῶν
1362 1113 1424 1167 τῷ
1452 1116 1629 1167 χρυσέῳ
1664 1108 1979 1167 ἐπιγέγραπται
2012 1107 2386 1161 Λακεδαιμονίων
2408 1113 2627 1161 φαμένων

668 1185 781 1230 εἶναι
815 1183 1055 1244 ἀνάθημα,
1090 1185 1170 1231 οὐκ
1205 1185 1361 1247 ὀρθῶς
1391 1192 1608 1245 λέγοντες.
1659 1189 1731 1232 Kr.
1767 1191 1895 1242 σφιῦν
1928 1194 2146 1243 φαλιιένιυν
2179 1188 2450 1246 exspectabat,
2485 1194 2523 1231 et
2548 1188 2624 1231 Ab.

669 1273 821 1321 σφέων
854 1274 946 1327 post
979 1275 1199 1324 φαμένων
1231 1269 1272 1312 in
1306 1277 1542 1314 contextum
1577 1269 1736 1329 recepit.
1792 1268 1958 1312 Rectius
1990 1275 2124 1311 tamen
2158 1267 2218 1311 St.
2243 1282 2379 1311 vocem
2404 1267 2626 1310 Λακεδαι-

667 1353 845 1403 μονίων
877 1356 916 1391 et
949 1348 1000 1392 ad
1035 1355 1257 1403 φαμένων
1290 1358 1329 1392 et
1361 1350 1410 1393 ad
1446 1348 1557 1393 εἶναι
1591 1350 1781 1410 intelligit.
1819 1377 1875 1381 —
1910 1349 1991 1392 Sed
2025 1349 2263 1393 vocabulum
2298 1351 2501 1404 λέγοντες
2520 1363 2626 1391 ana-

667 1428 857 1473 coluthon
906 1428 1046 1479 efficit,
1098 1430 1259 1488 respicit
1308 1431 1413 1474 enim
1464 1430 1512 1473 οἳ
1550 1446 1674 1485 φασι,
1707 1446 1788 1489 qua
1821 1430 1870 1473 de
1904 1445 1947 1473 re
1979 1430 2050 1473 cfr.
2084 1430 2320 1480 Geislerum,
2356 1445 2445 1489 pag.
2483 1433 2554 1481 33,
2590 1438 2626 1474 et

668 1510 740 1554 Kr.
777 1510 823 1561 ΙΙ,
863 1512 935 1561 56,
974 1514 1014 1561 9,
1054 1513 1095 1554 3.

791 1591 1002 1635 Postremo
1049 1591 1243 1634 afferatur
1283 1592 1311 1640 Ι,
1356 1591 1427 1641 27,
1464 1593 1678 1646 νησιώτας
1709 1591 1754 1633 δὲ
1790 1597 1833 1633 τί
1862 1590 2031 1638 δοκέεις
2062 1588 2274 1645 εὔχεσθαι
2309 1588 2423 1633 ἄλλο
2460 1587 2499 1646 ἢ,
2533 1588 2632 1632 ἐπεί

666 1686 708 1713 τε
757 1673 936 1726 τάχιστα
984 1670 1209 1713 ἐπύθοντό
1258 1685 1305 1713 σε
1353 1673 1579 1725 μέλλοντα
1626 1670 1695 1713 ἐπὶ
1744 1676 1868 1724 σφίσι
1921 1670 2257 1725 ναυπηγέεσθαι
2310 1676 2422 1721 νέας,
2466 1671 2626 1725 λαβεῖν

667 1744 902 1807 ἀρώμενοι
949 1749 1122 1798 Αυδοῠς
1169 1747 1214 1792 ἐν
1265 1749 1490 1807 θαλάσσῃ.
1568 1749 1649 1794 viri
1708 1749 1812 1794 docti
1863 1749 1967 1793 inter
2017 1764 2060 1792 se
2108 1748 2337 1808 discrepant
2386 1747 2624 1793 vocabulum

667 1836 759 1888 post
792 1830 951 1886 λαβεῖν
984 1843 1160 1888 sequens
1193 1829 1495 1880 constituentes,
1531 1826 1795 1888 ἀειράμενοι
1829 1829 1935 1873 enim
1956 1829 2093 1888 legunt
2118 1827 2265 1878 Schw„
2291 1827 2374 1888 Sg„
2401 1828 2620 1880 Geisierus,

667 1924 758 1969 pag.
795 1912 866 1962 30,
901 1909 1233 1960 Wannowskius‚
1270 1924 1360 1968 pag.
1401 1912 1476 1963 Ι19;
1499 1909 1710 1965 fortasse,
1742 1910 1872 1969 inquit
1905 1908 2223 1953 Wannowskius
2257 1909 2280 1952 Ι.
2316 1909 2352 1961 1.,
2389 1910 2438 1954 ob
2462 1911 2626 1954 evitan-

666 1991 765 2034 dam
806 1989 1124 2047 ambiyuitatem
1164 1990 1338 2044 deflexit
1384 1994 1533 2034 auctor
1578 2004 1605 2033 a
1638 1991 1822 2046 leyitimo
1854 1989 2077 2033 verborum
2109 1990 2326 2045 reyimine.
2389 1989 2477 2033 Joh.
2511 1990 2626 2034 Tou-

665 2071 775 2131 pium
825 2069 1157 2130 αἶωρευμένους
1204 2071 1446 2115 scribentem
1496 2071 1691 2130 sequitur.
1758 2071 1846 2122 Lh„
1900 2069 1986 2121 Kr.,
2040 2070 2100 2122 D„
2153 2070 2380 2121 Wendtius,
2417 2085 2507 2130 pag.
2551 2073 2622 2123 22,

666 2148 898 2212 ἀρώμενοι
944 2151 1207 2211 scripserunt,
1254 2150 1317 2196 St.
1352 2159 1389 2196 et
1425 2152 1502 2197 Ab.
1538 2148 1794 2211 ἄρεόμενοι.
1849 2151 1938 2196 Jam
1961 2166 2088 2211 quum
2112 2151 2406 2211 Wesselingius
2429 2160 2468 2196 et
2490 2151 2625 2197 Schw.

665 2240 852 2277 auctores
903 2232 994 2282 sint,
1048 2247 1097 2274 ex
1147 2232 1352 2276 codicibus
1395 2233 1608 2292 plerosque
1648 2233 1841 2292 praebere
1875 2228 2122 2288 (ἔριόμενοι,
2156 2232 2369 2276 nonnullos
2404 2229 2622 2290 ἀρᾶσθαι,

663 2314 722 2358 vel
773 2321 936 2373 propter
985 2314 1089 2357 hanc
1141 2327 1223 2356 rein
1274 2313 1367 2357 illud
1418 2310 1648 2370 ἀρώμενοι
1691 2314 1950 2372 praeferatur,
2001 2314 2109 2372 quod
2143 2313 2375 2372 quomodo
2410 2314 2460 2357 sit
2492 2310 2642 2372 expli-'

665 2395 852 2446 candum,
904 2394 1126 2439 videamus.
1193 2395 1267 2437 Lh.
1302 2402 1428 2454 putat,
1473 2403 1540 2438 aut
1575 2410 1648 2455 pro
1681 2395 1837 2456 incepta
1871 2395 2087 2439 accusativi
2121 2401 2160 2437 et
2193 2394 2376 2438 intinitivi
2409 2402 2626 2437 construc-

666 2476 773 2520 tione
822 2476 1008 2536 scriptori
1056 2476 1317 2520 obversatum
1366 2491 1455 2519 esse
1505 2476 1578 2519 boc
1623 2476 1777 2520 initium
1811 2472 1876 2519 ὅτι
1911 2478 2121 2533 νησιῶται
2156 2473 2357 2531 εὔχονται
2391 2474 2521 2529 ἄλλο,
2555 2483 2625 2520 aut

665 2558 718 2601 ab
768 2573 814 2601 eo
863 2558 956 2602 illud
1023 2554 1254 2614 ἀρώμενοι
1296 2557 1337 2599 ἰιι
1380 2557 1675 2601 similitudinem
1720 2557 1887 2616 subjecti
1931 2557 2042 2600 verbi
2076 2555 2298 2599 ἐπύθοντο
2332 2557 2626 2601 conformatum

666 2653 770 2681 esse.
838 2639 971 2696 Atque
1004 2638 1067 2681 illa
1100 2637 1310 2696 explicatio
1344 2637 1553 2696 rejicienda
1588 2638 1758 2687 videtur.
1793 2638 1887 2696 qnia
1921 2637 2090 2681 verbum
2124 2637 2284 2689 δοκέω,
2308 2653 2387 2695 qua
2412 2648 2473 2681 est
2496 2638 2625 2697 signi-

668 2719 866 2768 ficatione,
901 2734 995 2763 cum
1029 2713 1095 2762 ὅτι
1129 2718 1317 2777 conjungi
1352 2718 1417 2762 vix
1451 2725 1593 2777 potest,
1631 2719 1702 2762 Kr.
1738 2719 1765 2768 1,
1803 2721 1874 2769 65,
1919 2721 1952 2768 Ι,
1993 2719 2030 2768 4,
2066 2718 2164 2761 haec
2197 2725 2344 2769 autem,
2379 2734 2483 2778 qnae
2515 2718 2625 2763 Stei-

667 2799 733 2843 nio
765 2813 928 2858 quoque
959 2805 997 2842 et
1031 2798 1224 2842 Wendtio
1258 2798 1282 2842 Ι.
1318 2798 1341 2841 Ι.
1377 2798 1583 2857 probatur,
1620 2798 1751 2842 verior
1786 2799 1942 2843 videtur
1975 2798 2037 2842 ilia
2071 2798 2247 2858 quidem,
2283 2798 2352 2842 sed
2375 2799 2497 2844 distat
2519 2800 2570 2844 ab
2594 2802 2621 2851 l,

669 2883 708 2932 5,
745 2878 1003 2936 αἰδεομένη,
1036 2879 1144 2939 quod
1180 2880 1256 2923 Ab.
1290 2880 1433 2924 attulit.
1501 2880 1594 2923 Mihi
1626 2880 1786 2939 quidem
1820 2879 2046 2924 Herodotus
2089 2880 2483 2940 comprehensionem
2521 2897 2626 2925 con-

666 2961 807 3006 fecisse
858 2960 1027 3014 videtur,
1078 2961 1194 3021 quasi
1240 2968 1333 3005 ante
1366 2961 1592 3021 scripsisset
1626 2963 1835 3019 νησιιῦται
1870 2960 1915 3004 δὲ
1952 2966 1994 3003 rt
2024 2960 2229 3004 δοκέουσι
2264 2957 2349 3018 εὕχ.
2389 2989 2445 2994 —-
2478 2990 2550 3013 ——,
2587 2970 2626 3007 et

668 3042 724 3087 sic
757 3042 889 3087 locum
923 3041 1205 3102 explicandum
1238 3041 1393 3086 censuit
1425 3041 1630 3086 Geislerus
1664 3042 1687 3086 Ι.
1723 3042 1746 3085 Ι.

790 3123 854 3167 ΑΙ)
905 3125 978 3167 hoc
1020 3123 1251 3168 nominativi
1286 3124 1478 3182 participii
1512 3140 1589 3168 usu
1622 3124 1805 3167 abnormi
1837 3124 1887 3167 ad
1922 3123 2028 3165 iocos
2062 3123 2279 3173 veniamus
2316 3124 2382 3168 ubi
2418 3125 2626 3168 Nomina-
