2941 3765
971 319 1020 353 De
1042 317 1251 353 anacoluthis
1272 317 1486 352 Herodoteis.
2150 300 2209 343 63

249 435 390 479 trem0‚
432 428 541 487 quod
576 429 771 487 sequitur,
806 429 935 488 capite
966 420 1108 474 unum'
1128 427 1222 472 iuud
1255 427 1483 472 membrum
1517 426 1714 486 repetitur
1747 441 1819 486 per
1852 420 1978 473 οὗτος
2007 432 2096 480 μέν
2131 440 2212 490 νυν

249 506 365 553 οὕτω
413 508 470 565 δή
517 525 555 551 τι
604 508 765 566 ἔπρηξε
797 536 873 562 —,
908 510 984 561 cui,
1019 524 1106 568 cap.
1143 509 1215 560 78,
1251 510 1418 555 inservit
1453 510 1702 554 contrarium
1736 507 1957 551 Πολλοῖσι
1990 507 2036 550 δὲ
2070 509 2210 565 κάρτα

247 587 359 632 ἔτεσι
405 583 591 647 ὕστερον
638 587 819 645 Σκύλης
864 616 922 622 -
958 615 1030 632 —.
1071 589 1137 640 VI,
1182 592 1253 642 36,
1298 588 1325 634 ὅ
1371 589 1419 633 δὲ
1451 592 1631 648 πρῶτον
1662 591 1749 645 μὲν
1781 583 2023 641 ἀπετείχισε
2056 588 2133 629 τὸν
2166 585 2208 629 ἷ-

248 669 409 725 σθμὸν
441 696 517 722 —-,
550 670 671 729 cujus
698 669 955 722 contrarium,
990 685 1076 730 cap.
1113 670 1184 723 37,
1219 672 1258 716 in
1293 672 1355 716 his
1388 670 1616 715 continetur
1684 665 2005 725 (Ἂποτειχίσας
2035 662 2101 710 (ὃν
2132 668 2210 710 τὸν

249 743 411 806 αὕχένα
459 751 536 807 τῆς
582 751 876 808 Χερσονήσου
919 748 946 795 ὅ
977 752 1226 811 Μιλτιάδης
1259 756 1339 811 -)
1372 755 1462 797 τῶν
1492 752 1670 796 λοιπῶν
1702 751 1921 809 πρώτοισι
1955 745 2215 805 ἐπολέμησε,

248 832 616 887 Λαμψακηνοῖσι.
680 830 745 882 Vl,
788 833 887 883 405,
926 835 1011 876 Καὶ
1043 836 1197 893 πρῶτα
1228 836 1317 890 μὲν
1348 832 1493 883 ἐόντες
1524 832 1584 877 ἔτι
1617 830 1664 876 ἐν
1695 834 1759 890 τῷ
1792 828 1917 873 ἄστεϊ
1945 828 1988 872 οἳ
2022 842 2209 887 στρατη-

248 915 324 969 γοὶ
372 907 693 968 ἀποπέμπουσι
742 909 783 959 ἐς
832 914 1047 970 Σπάρτην
1087 917 1259 974 κήρυκα
1301 914 1616 971 Φειδιππίδην,
1650 913 1767 972 cujus
1800 910 2047 956 contrarium
2079 910 2209 970 capite

247 991 411 1037 demum
457 994 541 1035 409
584 990 768 1050 sequitur
806 995 929 1035 Τοῖσι
961 992 1007 1036 δὲ
1037 990 1291 1052 Ἀθηναίων
1323 998 1606 1055 στρατηγοῖσι
1640 992 1837 1050 ἐγίνοντο
1872 991 1973 1047 δίχα
2005 991 2051 1035 αἳ
2084 994 2209 1047 γνοῖ-

247 1088 349 1130 μαι,
391 1070 499 1133 quod
538 1070 798 1132 grammatica
844 1072 998 1118 ratione
1029 1073 1081 1118 ini
1115 1077 1273 1134 πριῦτα
1305 1077 1395 1133 μὲν
1428 1101 1486 1108 -
1523 1102 1582 1107 -
1617 1102 1676 1107 —
1709 1088 1790 1118 non
1826 1070 2062 1133 respondet}
2096 1077 2208 1116 atta—

249 1167 340 1197 men
389 1167 434 1196 re
481 1159 521 1195 et
569 1167 692 1196 sensu
732 1152 836 1196 idem
877 1153 979 1198 valet
1022 1161 1142 1215 atque
1174 1158 1289 1211 μετά
1322 1156 1369 1199 δὲ
1405 1155 1696 1212 ἐβουλεύοντο
1732 1181 1804 1197 -.
1839 1154 1903 1204 vl,
1946 1155 2044 1204 425,
2080 1156 2207 1196 τοῦτο

247 1238 336 1291 μὲν
376 1236 465 1291 γάρ
500 1229 757 1288 Ἀλκμαίων
789 1259 850 1265 -
884 1260 944 1265 -
975 1238 1087 1278 τοῖσι
1123 1262 1179 1268 -
1213 1236 1399 1279 Λυδοῖσι
1435 1262 1496 1267 ——-
1530 1262 1586 1268 -—
1623 1238 1928 1292 συμπρήκτωρ
1961 1250 2007 1276 τε
2040 1233 2206 1289 ἐγίνετο

249 1319 323 1357 καὶ
354 1314 671 1369 συνελάμβανε
704 1314 975 1370 προθύμως,
1008 1317 1124 1374 cujus
1156 1317 1403 1360 contrarium
1436 1323 1509 1367 est,
1544 1331 1632 1375 cap.
1673 1319 1772 1366 426,
1808 1318 1922 1370 μετά
1956 1315 2019 1368 δὲ,
2045 1341 2106 1346 —
2130 1341 2206 1367 —-,

249 1394 529 1451 Κλεισθένης
558 1408 642 1446 μιν
674 1419 737 1425 -
770 1420 832 1426 -
864 1392 1032 1451 ἐξήειρε
1064 1412 1145 1450 -;
1180 1396 1249 1441 sed
1284 1397 1636 1456 haec-respiciunt
1668 1395 1958 1446 antecedentia,
1984 1410 2071 1454 cap.
2103 1397 2203 1445 425,

249 1471 366 1520 οὕτω
399 1477 486 1532 μὲν
517 1472 757 1531 ἐπλούτησε
790 1471 819 1530 ἦ
851 1474 967 1531 οἲκίη
1002 1471 1106 1533 αὕτη
1139 1479 1365 1533 μεγάλως,
1400 1504 1475 1520 -.
1511 1477 1592 1528 Vll,
1632 1478 1704 1528 22,
1742 1480 1831 1520 Καὶ
1863 1478 1988 1520 τοῦτο
2022 1478 2111 1531 μὲν
2144 1503 2206 1509 -

249 1583 307 1590 -
358 1556 702 1613 προετοιμάζετο
751 1579 812 1586 --—
854 1581 916 1588 -—
949 1553 992 1604 ἐς
1022 1558 1097 1598 τόν
1116 1549 1284 1610 Ἄθων,
1318 1557 1382 1602 cui
1415 1557 1643 1617 respondet,
1678 1572 1766 1616 cap.
1804 1559 1876 1605 25,
1913 1558 1932 1612 (
1940 1559 2086 1599 Ταῦτα
2118 1563 2208 1611 μέν

248 1653 326 1681 νυν
374 1631 488 1680 οὕτω
537 1633 714 1691 ἐποίεε),
764 1634 1110 1694 παρεσκευάζετο
1158 1636 1204 1680 δὲ
1237 1642 1311 1690 καὶ
1343 1632 1465 1681 ὅπλα
1499 1636 1542 1686 ἐς
1572 1639 1647 1686 τάς
1680 1637 1880 1694 γεφύρας
1911 1663 1987 1679 -.
2022 1636 2092 1687 ΙΧ,
2130 1638 2204 1686 26,

247 1718 345 1769 init„
389 1718 514 1760 τοῦτο
548 1717 636 1770 μὲν
668 1714 712 1758 οἳ
749 1717 961 1772 Τεγεῆται
993 1713 1147 1772 ἔλεγον
1177 1715 1293 1772 τάδε,
1326 1718 1435 1778 quod
1467 1732 1555 1777 cap.
1591 1716 1663 1769 27,
1699 1718 1785 1761 init.
1820 1716 2015 1776 repetitur
2048 1732 2120 1776 per
2155 1717 2208 1761 Οἳ

246 1800 335 1854 μὲν
365 1798 496 1840 ταῦτα
527 1795 698 1851 ἔλεγον,
731 1794 840 1854 quod
873 1795 1055 1855 sequitur
1086 1796 1330 1841 contrarium
1357 1794 1590 1856 Ἀθηναῖοι
1624 1796 1670 1840 δὲ
1706 1799 1818 1855 πρὸς
1850 1799 1983 1839 ταῦτα
2018 1794 2206 1856 ὑπεκρί-

247 1894 376 1920 ναντο
425 1876 542 1919 τάδε.
612 1877 681 1926 ΙΧ,
735 1875 806 1926 74,
859 1876 1008 1928 διξούς
1047 1878 1209 1934 λόγους
1239 1878 1515 1934 λεγομένους
1545 1878 1648 1934 ἔχει,
1681 1881 1757 1920 τόν
1789 1882 1877 1932 μὲν
1910 1876 1972 1925 (ὅς
2019 1904 2095 1931 -,
2130 1879 2208 1921 hoc

247 1967 382 2003 autem
430 1957 532 2001 infra
577 1958 749 2002 recurrit
790 1950 916 2005 οὗτος
960 1962 1049 2013 μὲν
1096 1955 1210 2003 οὕτω
1259 1960 1446 2014 λέγεται,
1496 1959 1562 2003 cui
1611 1958 1828 2017 respondet
1884 1956 1911 2001 ὁ
1961 1958 1989 2001 δ
2014 1954 2029 1972 ³
2063 1950 2210 2015 ἔτερος

246 2041 335 2083 τῶν
365 2040 520 2093 λόγων
553 2064 613 2070 --
646 2063 708 2072 —-
740 2064 802 2071 --
835 2038 1025 2094 λέγεται,
1060 2037 1122 2089 ὥς
1151 2068 1225 2084 -.
1260 2041 1330 2091 ΙΧ,
1368 2042 1440 2091 85,
1466 2038 1692 2095 ἔνθαμὲν
1715 2041 1815 2087 τούς
1837 2038 1985 2097 ἰρένας
2006 2037 2206 2095 ἔθαψαν,

247 2118 284 2163 id
320 2118 427 2178 quod
462 2131 535 2178 per
568 2116 685 2160 ἔνθα
718 2116 769 2161 δέ
799 2117 1047 2163 efferendum
1080 2126 1177 2171 erat,
1213 2118 1271 2163 sic
1302 2118 1599 2163 conformatum
1632 2125 1695 2162 est
1728 2116 1777 2161 ἐν
1808 2117 1856 2161 δὲ
1889 2121 1956 2178 τῴ
1988 2117 2124 2178 ἑτέρῳ
2160 2118 2203 2162 οἳ

247 2198 381 2243 ἄλλοι
415 2201 706 2256 Σπαρτιῆται,
740 2197 787 2241 ἐν
804 2189 868 2241 δὲ
899 2202 963 2258 τῷ
994 2205 1121 2259 τρίτῳ
1155 2201 1197 2243 οἳ
1231 2198 1423 2253 εἵλωτες,
1461 2200 1572 2260 quod
1605 2200 1847 2259 obsequitur
1885 2199 2137 2244 antecedenti
2160 2198 2207 2242 ἐν

245 2284 335 2344 μὲν
383 2280 439 2337 δὴ
488 2278 551 2322 ἑνῑ
598 2282 687 2322 τῶν
720 2281 877 2334 τάφων
911 2275 1023 2337 ἦσαν
1057 2281 1099 2323 οἳ
1132 2279 1279 2338 ἰρένες.
1347 2281 1419 2324 Kr.
1446 2281 1697 2340 suspicatur,
1735 2296 1808 2340 pro
1841 2280 1958 2324 ἔνθα
1990 2280 2205 2339 legendum

247 2378 337 2407 esse
369 2361 416 2405 ἐν
447 2363 511 2418 τῇ,
546 2360 616 2404 sed
649 2360 711 2404 vel
745 2360 802 2404 sic
835 2360 949 2405 locus
982 2361 1064 2406 huc
1095 2360 1279 2421 pertinet.

369 2442 445 2487 Fit
484 2446 624 2486 autem
663 2442 894 2497 interdum,
924 2446 972 2486 ut
1003 2444 1190 2499 scriptor
1222 2457 1249 2486 a
1280 2443 1461 2486 duorum
1492 2442 1778 2486 membrorum
1811 2443 2113 2497 conjunctione
2146 2443 2208 2486 ad

248 2525 557 2586 oppositionem
591 2526 798 2577 transeat,
831 2527 878 2565 ut
908 2537 992 2566 uno
1026 2524 1192 2580 quidem
1223 2524 1312 2566 loco
1344 2529 1392 2565 τε
1422 2523 1447 2567 l.
1472 2521 1567 2566 οὔτε
1591 2527 1782 2579 usurpet,
1806 2524 1940 2568 altero
1965 2524 2017 2567 δέ
2037 2524 2061 2567 Ι.
2086 2520 2204 2567 οὐδὲ.

246 2608 319 2650 Kr.
367 2607 395 2656 I,
442 2608 514 2656 69,
564 2607 631 2654 46,
677 2607 726 2658 63
773 2604 903 2648 Madv.
946 2608 971 2658 S
1011 2608 1109 2656 485,
1143 2605 1235 2655 adu,
1273 2607 1320 2658 53
1355 2604 1405 2647 R.
1439 2608 1464 2657 S
1505 2605 1604 2655 434,
1640 2605 1734 2651 adn.
1777 2608 1810 2655 4,
1846 2620 1889 2659 33
1925 2606 2003 2650 Ku.
2038 2610 2063 2659 S
2100 2606 2202 2655 722,

249 2690 297 2742 53
331 2685 472 2729 Matth.
507 2688 532 2739 S
568 2687 682 2738 626,·
715 2683 790 2728 Th.
825 2688 850 2738 §
886 2687 988 2736 342,
1027 2687 1083 2729 20
1109 2687 1167 2741 ¹).

370 2767 513 2826 Atque.
553 2765 726 2825 primum
768 2765 818 2809 de
857 2765 964 2817 locis,
999 2765 1069 2810 ubi
1103 2764 1153 2807 δέ
1181 2771 1272 2824 post
1304 2770 1349 2806 τί
1380 2763 1579 2822 sequitur,
1616 2765 1880 2811 instituamus
1913 2767 2205 2826 quaestionem.

246 2847 274 2898 Ι,
333 2849 431 2898 453,
478 2872 536 2878 ——
571 2844 820 2902 Αἰγύπτιοι,
854 2844 905 2889 ἐπ
934 2841 947 2859 ³
980 2843 1057 2894 οἷς
1088 2844 1230 2901 ἐπεῖχε
1259 2860 1303 2887 τε
1335 2845 1669 2902 στρατηλατέειν
1701 2844 1842 2902 αὕτός,
1878 2848 1947 2892 ἐπὶ
1980 2848 2026 2891 δὲ
2050 2846 2209 2896 Ἴωνας

351 2981 384 3026 ¹)
411 2980 579 3015 Ceterum
619 2980 683 3015 hac
719 2980 764 3015 de
800 2991 838 3013 re
872 2978 1048 3025 copiosius
1082 2978 1348 3024 disputaverunt
1380 2977 1619 3023 Hartungius,
1646 2979 1760 3013 Lehre
1787 2992 1859 3015 von
1888 2981 1923 3015 d.
1952 2981 2140 3016 Partikeln
2167 2980 2204 3015 d.

245 3057 301 3091 gr.
328 3046 422 3092 Spr.,
452 3046 554 3080 Tom.
582 3045 611 3087 Ι,
637 3056 747 3090 pagg.
775 3044 942 3087 92-95,
970 3048 1009 3080 et
1035 3044 1194 3079 Klotzius
1219 3043 1256 3077 in
1284 3043 1425 3078 Devarii
1452 3044 1584 3079 librum
1604 3045 1649 3079 de
1669 3046 1825 3082 Graecae
1844 3047 1990 3093 linguae
2007 3048 2204 3094 particulis,

244 3108 346 3145 Tom.
373 3107 420 3152 Π,
447 3120 554 3156 pagg.
584 3105 660 3144 741
688 3120 740 3155 sq.
