2941 3765
949 328 996 360 De
1020 327 1227 361 anacoluthis
1250 327 1462 362 Herodotets.
2160 312 2208 352 11

273 435 318 489 4;
352 435 402 477 Β.
434 439 462 487 S
502 438 600 484 130,
643 439 677 485 1,
711 436 833 479 adnn.
873 420 907 486 l,
945 440 995 486 2,
1028 438 1105 486 Ku,
1141 441 1167 489 S
1192 434 1303 482 677:
1329 439 1448 490 (nam
1472 436 1552 479 linc
1574 451 1736 492 quoque
1758 434 1930 493 pertinet
1950 434 2044 479 illud
2069 434 2214 480 Kueh-

269 514 354 580 neri
387 522 656 573 praeceptum.
719 514 801 559 Cfr.
834 516 1053 576 exempla).
1121 515 1261 560 Mattli.
1295 519 1321 569 S
1358 517 1459 565 562,
1504 517 1546 569 l,
1582 513 1657 558 Th.
1688 517 1714 568 S
1748 514 1851 565 276,
1889 516 1915 558 3
1937 515 1997 570 ³).

388 593 460 637 Hic
500 609 662 653 quoque
695 595 982 647 nominativus,
1037 604 1081 640 ut
1114 596 1202 647 Lh„
1238 597 1277 639 in
1309 596 1354 645 ll,
1393 599 1433 645 9,
1468 593 1762 645 animadvertit,
1796 609 1819 637 a
1851 594 2054 639 nonnullis
2084 594 2211 638 abso-

269 675 377 719 lutus
425 673 558 719 dictus
607 682 681 719 est.
746 677 791 719 ln
839 692 943 736 quos
986 677 1113 720 refero
1153 676 1595 735 Schweighaeusmum,
1631 675 1670 717 in
1705 676 1750 724 ll,
1789 678 1860 725 66,
1895 682 1934 717 et
1966 674 2208 724 Abichtium,

267 757 306 799 in
330 757 395 807 IV,
423 759 494 800 50.
529 758 617 816 lpse
640 759 714 801 Lh.
736 758 993 817 appellatione
1017 758 1142 803 utitur
1166 757 1394 802 nominativi
1417 756 1549 801 soluti.
1592 756 1651 799 Ne
1672 756 1882 815 genetivus
1904 756 1976 807 ille,
1997 756 2068 800 Kr.
2087 756 2115 807 l,
2139 756 2208 806 47,

272 838 308 887 4,
328 845 367 880 et
382 838 646 887 accusativus,
667 839 737 881 Kr.
755 839 783 889 l,
806 842 875 888 56,
898 843 937 889 9,
960 841 1078 884 5-—7
1097 846 1130 882 ὀί
1157 842 1215 889 10,
1236 840 1396 898 quidem
1416 846 1512 882 sunt
1530 852 1623 881 vere
1641 837 1824 887 absoluti,
1844 837 1898 881 ita
1915 845 1958 881 ut
1977 836 2097 887 nullo,
2117 852 2210 881 cum

267 918 325 968 iis,
359 932 464 976 quae
495 917 536 960 in
569 917 719 977 reliqua
751 919 1026 962 enunciatione
1052 919 1345 978 praedicantur,
1371 918 1611 964 commercio
1634 925 1847 961 teneantur
1870 926 1940 961 aut
1961 932 2011 960 ex
2036 917 2083 960 iis
2105 932 2211 976 pen-

267 998 399 1041 deant.
466 998 604 1056 Neque
642 1000 746 1043 enim
780 1000 811 1042 si
844 1000 1012 1044 dicimus
1046 1000 1278 1058 διέστησαν
1310 1004 1463 1050 umeros
1492 1000 1785 1055 εἷἰελθούσης,
1819 999 1846 1049 l,
1886 1000 1955 1049 76,
1993 999 2016 1042 Ι.
2050 1002 2124 1041 καὶ
2155 997 2213 1055 δή

267 1092 345 1132 σφι
386 1104 445 1109 -
486 1077 608 1129 ἔδοξε
651 1106 726 1133 —,
761 1079 899 1131 δόξαν
930 1080 980 1122 δέ
1010 1107 1085 1133 -,
1121 1080 1185 1132 Vl,
1223 1080 1293 1132 77,
1329 1082 1425 1125 haec
1460 1080 1586 1139 magis
1619 1088 1716 1123 sunt
1749 1094 1842 1123 vere
1873 1078 2210 1137 absoluta'quam

267 1160 430 1212 νυκιός,
472 1157 542 1203 Kr.
585 1159 612 1210 l,
663 1159 730 1211 47,
777 1162 816 1212 2,
853 1160 876 1204 Ι.
910 1162 1065 1218 ταύτην
1099 1162 1177 1219 τὴν
1210 1145 1503 1221 rjuspmrjkr.
1538 1162 1566 1211 l,
1608 1160 1676 1211 46,
1716 1163 1757 1204 3.
1823 1159 1901 1203 Sed
1935 1159 1975 1202 in
2009 1173 2055 1201 eo
2087 1157 2209 1201 ‹liffe-

266 1244 372 1290 runt,
419 1239 527 1298 quod
560 1239 622 1282 hic
655 1254 801 1283 nomen
832 1240 1017 1300 exprimit
1050 1240 1100 1291 i‹l,
1136 1241 1242 1299 quod
1275 1241 1347 1283 illic
1381 1256 1452 1301 per
1484 1256 1631 1284 nomen
1665 1248 1705 1283 et
1737 1240 1987 1299 participium
2020 1239 2135 1296 quasi
2170 1239 2209 1280 in

266 1333 391 1362 unum
423 1319 594 1363 conflata
629 1307 1029 1375 (Dobffelt-Genitiv
1062 1329 1102 1363 et
1133 1322 1581 1375 Dobbelt-Accusativ,
1615 1322 1747 1365 Madv.
1781 1324 1833 1373 §S
1866 1324 1963 1370 181,
1996 1322 2108 1375 182)
2132 1336 2211 1363 ex-

265 1414 450 1457 pressum
497 1408 571 1444 cst.
636 1402 748 1453 Quae
796 1402 957 1460 quidem
1009 1402 1259 1461 participialis
1309 1402 1452 1446 locutio
1501 1402 1595 1446 nihil
1636 1400 1740 1445 aliud
1776 1409 1838 1445 est
1855 1400 1946 1446 ,nisi
1980 1400 2211 1460 dependens

263 1479 499 1529 enunciatio,
551 1495 655 1539 quae
702 1488 906 1524 contracta
958 1490 1030 1531 est,
1082 1496 1172 1524 nam
1222 1485 1373 1530 νυκτός
1412 1481 1694 1537 ἐπελθούσης
1734 1501 1775 1515 =
1816 1478 1878 1528 (ὃς
1911 1482 1988 1531 νῠξ
2021 1478 2209 1536 ἐπῆλθε,

265 1559 402 1610 δόξαν
432 1581 475 1595 =
509 1558 570 1608 ὥς
601 1560 739 1611 ἔδοξε.
805 1561 1059 1619 Quamquam
1088 1563 1189 1606 ,haec
1220 1563 1438 1623 appellatio,
1473 1578 1601 1621 quum
1635 1561 1685 1605 ‹le
1719 1560 1912 1619 ejusmodi
1943 1560 2138 1620 genetivis
2171 1570 2208 1605 et

263 1640 500 1682 accusativis
548 1642 692 1700 agitur,
745 1648 880 1699 utpote
921 1656 1024 1701 quae
1065 1658 1142 1686 usu
1180 1644 1261 1700 jain
1302 1643 1351 1686 sit
1393 1650 1564 1701 recepta,
1609 1657 1632 1684 a
1666 1641 1783 1684 nobis
1815 1656 1977 1699 quoque
2010 1649 2207 1685 servetur.

262 1717 342 1764 Sed
391 1719 465 1764 alia
514 1728 575 1766 est
619 1720 966 1773 nominativorum,
1011 1722 1079 1782 qui
1120 1722 1220 1766 infra
1251 1731 1481 1772 occurrunt.
1518 1722 1633 1766 ratio.
1699 1722 1889 1765 Attamen
1923 1721 2103 1766 nonnulli
2135 1722 2209 1766 viri

264 1799 381 1851 docti,
416 1800 456 1844 in
489 1802 640 1861 quilius
673 1802 732 1853 B„
769 1816 885 1862 pagg.
924 1802 1023 1852 479,
1062 1802 1162 1854 480,
1197 1796 1285 1846 esse
1317 1804 1485 1852 videtur,
1523 1803 1622 1845 tales
1655 1803 1922 1845 nominativos
1955 1817 2047 1846 cum
2080 1818 2208 1862 gene-

262 1880 354 1932 tivo,
404 1897 524 1941 quein
573 1882 709 1927 dicunt
758 1882 999 1934 absolutum,
1042 1884 1307 1927 contulerunt.
1372 1884 1504 1936 Quam
1537 1882 1769 1927 nominativi
1803 1889 2051 1927 structuram
2083 1899 2210 1942 aeque

263 1961 474 2020 legitimam
508 1978 598 2006 esse
630 1971 751 2023 atque
783 1963 951 2023 genetivi
986 1963 1166 2015 absoluti,
1200 1963 1313 2007 Edw.
1347 1963 1596 2007 Wentzelius
1619 1963 1659 2006 in
1684 1973 1980 2023 programmate
2000 1979 2139 2024 gymn.
2162 1968 2207 2021 ⁴)

262 2042 331 2085 ubi
379 2043 482 2086 hanc
528 2058 609 2087 rem
642 2045 842 2103 copiosius
874 2045 1069 2094 tractavit,
1105 2043 1261 2087 efficere
1294 2043 1459 2088 studuit.
1525 2043 1654 2102 Cujus
1687 2045 1994 2102 argumentandi
2029 2046 2129 2089 ratio
2164 2055 2206 2090 ut

367 2224 400 2270 ³)
428 2224 553 2272 Neque
579 2224 674 2273 apud
700 2225 894 2262 Homerum
920 2224 987 2261 loci
1014 2224 1151 2269 desunt,
1180 2224 1240 2273 uhi
1266 2223 1346 2259 talis
1372 2223 1416 2259 sit
1443 2227 1646 2260 structura.·
1684 2223 1756 2260 Cfr.
1785 2224 1825 2260 11.
1856 2224 1897 2267 V,
1922 2223 2016 2268 1353
2039 2226 2097 2268 vl,
2118 2225 2207 2268 510,

261 2286 305 2322 de
330 2286 459 2334 quibus
486 2287 558 2323 vid.
583 2288 747 2325 Faesium
800 2289 919 2325 Etiam
945 2289 1041 2336 apud
1066 2288 1210 2324 Latinos
1235 2288 1425 2323 consimilis
1451 2288 1631 2323 invenitur
1656 2292 1853 2324 structura:
1880 2300 1944 2334 eqo
1963 2291 2082 2325 tanaen
2100 2290 2208 2325 aesti-

258 2362 376 2394 mans,
409 2362 539 2388 novum
565 2353 654 2397 fieri
688 2354 822 2396 debere,
854 2354 990 2390 videris
1022 2352 1110 2388 mihi
1147 2352 1321 2388 desiderio
1347 2362 1468 2387 eorum
1496 2351 1689 2397 indulyere
1709 2362 1824 2397 posse.
1877 2350 1969 2386 Plin.
1998 2350 2084 2387 min.
2111 2351 2134 2387 l.
2162 2351 2209 2395 X,

261 2413 362 2461 epist.
404 2412 466 2458 34,
503 2414 575 2451 Cfr.
610 2414 819 2459 Geislerum,
856 2415 909 2453 De
936 2415 1148 2453 Graecorum
1177 2413 1413 2460 nominativis,
1441 2425 1531 2461 quos
1558 2417 1701 2457 vocant,
1730 2414 1910 2449 absolutis.
1964 2414 2056 2450 Diss.
2085 2415 2208 2462 inaug.

261 2477 492 2513 Vratislaviae
534 2477 647 2522 1845,
688 2491 770 2527 pag.
813 2477 875 2514 30.
930 2478 1066 2514 Keilius
1106 2482 1222 2514 tamen
1261 2478 1296 2513 h.
1339 2478 1378 2520 l.,
1417 2478 1479 2523 qui
1522 2490 1566 2512 ex
1615 2480 1691 2523 ejus
1729 2477 1884 2512 editione
1915 2478 2009 2513 inter
2043 2479 2139 2514 Plini
2174 2483 2211 2514 et

260 2540 406 2586 Trajani
433 2540 597 2586 epistolas
627 2541 665 2575 in
699 2541 820 2576 XXIII
846 2546 909 2583 est,
937 2541 1098 2576 lacunam
1125 2540 1258 2575 statuit.
1303 2541 1381 2576 Huc
1414 2541 1589 2575 referatur
1615 2540 1723 2585 Verg.
1751 2540 1840 2575 Aen.
1858 2540 1887 2583 I,
1907 2538 1996 2584 237,
2010 2542 2210 2587 pellaci-tus,

259 2614 354 2648 quae
392 2605 436 2646 te,
467 2603 623 2648 strator,
645 2604 835 2641 'sententia
861 2603 994 2641 vertit?
1026 2603 1055 2639 si
1081 2601 1319 2639 anacoluthon
1346 2601 1395 2637 ibi
1422 2613 1496 2638 esse
1522 2614 1736 2638 censeamus.
1764 2626 1815 2630 —
1842 2602 2009 2639 Ceterum
2035 2616 2089 2647 ea,
2117 2616 2209 2652 quae

260 2669 472 2712 sequuntur,
507 2666 553 2700 ab
579 2666 871 2703 antecedentibus
897 2668 987 2703 adeo
1014 2665 1212 2714 discrepare
1238 2670 1397 2713 possunt,
1426 2670 1465 2700 ut
1491 2678 1571 2701 cum
1597 2667 1643 2701 iis
1669 2668 1840 2713 conjungi
1867 2680 1939 2702 non
1967 2680 2068 2715 posse
2094 2670 2209 2716 primo

259 2728 426 2774 adspectu
454 2728 657 2771 videantur,

709 2788 863 2839 μέλλων
888 2788 933 2829 δὲ
959 2788 1139 2839 πέμπειν
1162 2785 1209 2839 μ’
1238 2785 1418 2828 Οἰδίπου
1443 2787 1598 2836 κλεινὸς
1623 2787 1738 2840 γόνος

710 2913 752 2954 ἐν
777 2912 875 2967 τῷδ’
903 2913 1225 2965 ἐπεστράτευσαν
1241 2911 1410 2965 Ἀργεῖοι
1443 2912 1578 2954 πόλιν.

1355 2977 1444 3013 Eur.
1475 2978 1608 3015 Phoen.
1637 2978 1855 3016 283-285.
1908 2981 2101 3017 Kirchhoff.

363 3055 396 3100 ι)
423 3054 541 3091 Ueber
579 3054 636 3089 die
675 3058 892 3101 sogenannte
937 3053 1094 3089 absolute
1149 3051 1592 3106 participialconstruction
1641 3055 1704 3089 der
1752 3055 1997 3101 griechischen
2038 3055 2208 3102 Sprache.

259 3117 399 3162 Glogau
427 3115 539 3152 1857.

2050 3190 2085 3222 2·
