2941 3765
954 329 1001 363 De
1025 328 1233 363 anacoluthis
1255 327 1467 363 Herodoteis.
2166 312 2214 352 ⁴⁴

279 438 324 491 43
359 437 409 480 R.
440 441 468 491 s
508 441 606 487 130,
649 442 683 489 1,
717 438 838 483 adun.
879 443 912 489 1,
950 443 1000 493 Ξέ,
1034 440 1111 490 Κυ,
1147 443 1173 493 S
1197 436 1309 486 677;
1335 441 1454 493 (nam
1478 438 1557 481 huc
1580 452 1742 495 quoque
1764 436 1935 495 pertinet
1956 436 2049 481 illud
2075 435 2220 481 Kueli-

275 517 360 583 neri
394 525 662 578 praeceptum.
725 517 808 564 Cfr.
840 520 1059 580 exempla).
1127 519 1267 564 Matth.
1301 522 1327 573 S
1364 519 1465 569 562,
1510 520 1553 573 ·l;
1587 516 1663 561 Th.
1694 520 1720 572 S
1754 517 1857 568 276,
1895 519 1921 560 3
1943 517 2003 573 ³).

394 597 467 640 Hic
507 612 669 657 quoque
702 599 988 650 nominativus,
1042 608 1088 644 ut
1121 600 1208 650 Lh.,
1244 600 1283 641 in
1316 600 1361 648 ll,
1399 602 1439 648 9,
1475 597 1768 648 animadvertit,
1803 612 1826 639 a
1858 597 2060 640 nonnullis
2091 597 2218 640 abso-

276 680 384 722 lutus
432 679 565 722 dictus
614 687 688 722 est.
753 682 797 723 ln
845 696 949 739 quos
992 682 1119 723 refero
1160 680 1601 738 Schweighaeuserum,
1637 680 1676 721 in
1710 680 1756 728 ll,
1795 681 1866 728 66,
1902 685 1941 721 et
1972 677 2214 727 Abichtium,

274 760 314 801 in
337 760 402 809 lv,
430 762 501 802 50.
536 760 625 817 lpse
647 760 721 803 Lh.
744 760 1000 819 appellatione
1024 761 1148 805 utitur
1172 760 1401 805 nominativi
1423 759 1555 803 soluti.
1598 759 1657 802 Ne
1678 758 1888 817 genetivus
1911 758 1983 809 ille,
2005 758 2075 802 Kr.
2094 758 2122 809 l,
2147 758 2215 808 47,

279 839 315 890 4,
335 846 374 883 et
390 838 654 888 accusativus,
675 839 745 883 Kr.
763 839 791 890 l,
813 842 882 890 56,
905 843 944 891 9,
967 842 1085 886 5—7
1103 847 1137 884 εἰ
1163 843 1222 892 10,
1242 841 1403 900 quidem
1423 847 1519 884 sunt
1536 853 1630 883 vere
1646 838 1830 888 absoluti,
1851 838 1904 881 ita
1922 845 1965 881 ut
1984 837 2104 886 nullo,
2125 852 2217 880 cum

274 919 332 970 iis,
367 933 471 978 quae
503 918 543 962 in
577 918 727 978 reliqua
760 919 1032 964 enunciatione
1058 920 1352 980 praffllicantur,
1378 920 1617 965 commercio
1640 927 1854 963 teneantur
1876 926 1947 962 aut
1968 933 2018 960 ex
2043 918 2090 960 iis
2113 933 2219 977 pen-

274 998 407 1041 deant.
474 998 612 1056 Neque
650 999 754 1041 enim
788 1000 820 1041 si
852 1000 1019 1044 dicimus
1053 1000 1285 1057 διέστησαν
1317 1004 1469 1049 νυκτός
1499 1001 1791 1054 ἐπελθούσης,
1826 1000 1853 1047 l,
1892 1001 1962 1048 76,
2001 999 2023 1040 Ι.
2058 1003 2132 1039 καὶ
2163 998 2220 1053 δή

274 1094 352 1133 σφι
394 1106 452 1111 —
494 1078 619 1130 ἔδοξε
660 1106 735 1132 -,
770 1080 906 1131 δόξαν
938 1082 987 1123 δέ
1017 1108 1092 1134 -,
1128 1082 1191 1133 vl,
1230 1081 1300 1133 77,
1335 1083 1432 1126 haec
1466 1081 1592 1140 magis
1624 1090 1721 1125 sunt
1754 1095 1848 1124 vere
1879 1077 2064 1123 absoluta
2095 1093 2217 1137 quam

275 1162 438 1213 νυκτός,
480 1159 551 1204 Kr.
594 1161 621 1210 Ι,
672 1160 740 1210 47,
786 1163 825 1211 2,
862 1162 885 1205 Ι.
920 1165 1072 1218 ταύτην
1105 1164 1183 1220 τὴν
1216 1146 1509 1222 ἦ,αὲραι’,.Κῐ·.
1544 1163 1571 1213 l,
1613 1162 1681 1212 46,
1721 1165 1762 1205 3.
1828 1160 1907 1204 Sed
1942 1159 1981 1202 in
2016 1174 2063 1202 eo
2095 1156 2216 1201 ‹liffe-

273 1247 380 1292 runt,
427 1241 536 1301 quod
568 1240 631 1284 hic
664 1256 810 1285 nomen
841 1243 1024 1302 exprimit
1056 1243 1106 1293 id,
1142 1243 1248 1302 quod
1281 1243 1354 1286 illic
1387 1258 1458 1303 per
1490 1258 1637 1287 nomen
1670 1250 1710 1286 et
1742 1241 1993 1302 participium
2026 1239 2143 1298 quasi
2177 1238 2216 1281 iu

274 1336 400 1365 unum
432 1322 604 1365 conflata
638 1309 1035 1378 (Dobffelt-Genitiv
1068 1332 1108 1367 et
1138 1324 1587 1378 Dobbelt-Accusativ,
1621 1325 1751 1368 Madv.
1786 1327 1839 1376 §S
1872 1326 1970 1372 181,
2003 1324 2115 1378 182)
2139 1338 2219 1365 ex-

274 1417 459 1460 pressum
506 1411 581 1446 cst.
645 1404 758 1455 Quae
805 1405 964 1462 quidem
1015 1406 1266 1463 participialis
1315 1406 1458 1449 locutio
1507 1406 1601 1449 nihil
1641 1405 1745 1448 aliud
1781 1413 1843 1447 est
1860 1403 1952 1448 .nisi
1986 1402 2218 1462 dependens

272 1482 509 1532 enunciatio,
560 1498 665 1542 quae
712 1490 914 1526 contracta
965 1492 1036 1534 est,
1088 1500 1178 1527 nam
1228 1487 1380 1532 νυκτός
1419 1483 1699 1539 ἐπελθούσης
1739 1503 1780 1517 --
1822 1480 1884 1531 (ὗς
1916 1484 1995 1533 vo}
2027 1480 2216 1538 ἐπῆλθε,

273 1561 411 1611 δόξαν
442 1583 484 1597 --
518 1560 580 1610 ὥς
611 1562 748 1613 ἔδοξε.
813 1564 1065 1621 Quamquam
1099 1566 1195 1608 haec
1227 1565 1445 1624 appellatio,
1480 1579 1607 1622 quum
1641 1563 1691 1607 «le
1725 1562 1918 1621 ejusmodi
1950 1561 2145 1621 genetivis
2179 1571 2216 1605 et

272 1641 510 1684 accusativis
558 1642 702 1702 agitur,
754 1649 888 1702 utpote
928 1657 1031 1702 quae
1071 1658 1149 1688 usu
1187 1645 1268 1702 jam
1309 1644 1358 1687 sit
1401 1651 1571 1702 recepta,
1616 1657 1639 1686 a
1673 1642 1789 1685 nobis
1821 1656 1984 1700 quoque
2017 1650 2215 1685 servetur.

271 1721 352 1764 Sed
401 1722 475 1765 alia
523 1730 585 1767 est
629 1723 974 1773 nominativorum,
1017 1725 1086 1782 qui
1126 1725 1226 1767 infra
1258 1733 1488 1773 occurrunt,
1525 1724 1640 1766 ratio,
1706 1723 1896 1765 Attamen
1930 1722 2111 1766 nonnulli
2143 1722 2217 1767 viri

273 1801 390 1853 docti,
426 1802 466 1846 in
499 1803 649 1864 quibus
683 1804 741 1854 B.,
778 1817 893 1864 pagg.
931 1804 1030 1854 479,
1068 1803 1169 1855 480,
1203 1797 1292 1848 esse
1324 1805 1493 1853 videtur,
1530 1803 1629 1846 tales
1662 1802 1930 1846 nominativos
1962 1817 2056 1846 cum
2088 1818 2217 1863 gene—

271 1883 363 1934 tivo,
413 1899 533 1944 quem
582 1884 718 1928 dicunt
767 1884 1007 1936 absolutum,
1049 1886 1315 1928 contulerunt.
1380 1885 1512 1937 Quam
1545 1884 1777 1927 nominativi
1811 1890 2059 1927 structuram
2092 1899 2219 1942 aeque

272 1965 484 2023 legitimam
517 1981 607 2009 esse
639 1974 761 2025 atque
791 1966 958 2025 genetivi
993 1966 1173 2016 absoluti,
1208 1965 1320 2009 Edw.
1354 1965 1604 2009 Wentzelius
1626 1965 1667 2008 in
1692 1974 1988 2023 programmate
2008 1981 2148 2025 gymn.
2170 1969 2216 2022 ⁴]

272 2044 341 2088 ubi
389 2045 492 2089 hanc
537 2062 619 2090 rem
652 2047 851 2105 copiosius
883 2047 1076 2095 tractavit,
1112 2045 1269 2088 efficere
1302 2045 1468 2089 studuit.
1533 2044 1662 2104 Cujus
1695 2045 2003 2103 argumentandi
2037 2046 2139 2090 ratio
2173 2056 2215 2091 ut

377 2228 410 2274 ³)
438 2228 562 2275 Neque
589 2228 683 2276 apud
710 2229 902 2265 Homerum
928 2227 995 2264 loci
1021 2227 1159 2271 desunt,
1187 2226 1247 2275 ubi
1273 2226 1354 2262 talis
1381 2226 1425 2262 sit
1452 2230 1655 2262 structura.·
1692 2226 1765 2262 cfr.
1793 2227 1834 2262 11.
1864 2226 1907 2269 V,
1931 2225 2026 2270 1353
2048 2228 2106 2270 VI,
2127 2226 2216 2270 510,

271 2289 314 2324 de
340 2289 469 2336 quibus
496 2290 567 2326 vid.
593 2291 756 2327 Faenium
808 2291 927 2327 Etiam
953 2291 1048 2338 apud
1073 2290 1217 2325 Latinos
1243 2290 1433 2324 consimilis
1459 2290 1639 2324 invenitur
1665 2294 1862 2325 structura:
1889 2301 1953 2334 eqo
1972 2293 2092 2326 tamen
2110 2292 2217 2326 aesti-

268 2364 386 2395 mans,
418 2364 549 2388 ‘novum
575 2354 664 2397 fieri
697 2354 830 2396 debere,
862 2354 997 2389 videris
1030 2352 1117 2387 mihi
1154 2353 1329 2388 desiderio
1356 2362 1477 2387 eorum
1505 2352 1698 2396 indulgere
1718 2362 1834 2396 posse.
1887 2351 1979 2387 Plin.
2008 2351 2093 2387 min.
2120 2352 2143 2387 l.
2172 2352 2218 2395 X,

270 2414 372 2463 epist.
414 2413 476 2459 34,
512 2415 584 2452 cfr.
620 2415 827 2459 Geislerum,
864 2416 916 2452 De
944 2415 1156 2452 Graecorum
1185 2412 1422 2460 nominativis,
1450 2422 1541 2460 quos
1567 2416 1710 2456 vocant,
1739 2412 1920 2448 absolutis,
1974 2412 2066 2449 Diss.
2095 2413 2218 2461 inaug.

271 2478 501 2513 Vratielaviae
544 2478 656 2522 1845,
697 2491 779 2526 pag.
821 2477 883 2512 30.
937 2478 1074 2512 Keilius
1113 2482 1230 2512 tamen
1269 2478 1304 2511 h.
1348 2478 1386 2518 1.,
1426 2477 1488 2522 qui
1531 2490 1575 2511 ex
1624 2479 1701 2522 ejus
1738 2477 1893 2511 editione
1924 2478 2019 2512 inter
2053 2478 2149 2513 Plini
2183 2482 2220 2513 et

270 2540 416 2587 TraJani
442 2540 607 2587 epistolas
636 2540 674 2575 in
708 2540 828 2576 XXIII
854 2544 917 2582 est,
945 2540 1106 2574 lacunam
1132 2539 1266 2573 statuit.
1311 2540 1389 2574 Huc
1423 2540 1598 2573 referatur
1624 2539 1732 2584 Verg.
1761 2540 1849 2573 Aen.
1868 2539 1897 2581 Ι,
1916 2537 2006 2582 237,
2020 2541 2219 2585 pollicitus,

269 2614 364 2648 quae
402 2605 446 2646 te,
477 2603 633 2648 ⁸(janitor,
655 2593 844 2640 'sententia
869 2602 1002 2640 vertit?
1033 2602 1062 2638 si
1088 2600 1328 2638 anacoluthon
1355 2601 1404 2636 ibi
1431 2612 1505 2637 esse
1531 2613 1746 2637 censeamus.
1773 2624 1825 2628 —
1852 2601 2019 2638 Ceterum
2045 2615 2099 2646 ea,
2127 2615 2219 2650 quae

270 2669 482 2712 sequuntur,
517 2666 563 2701 ab
589 2665 880 2702 antecedentibus
905 2667 994 2702 adeo
1022 2666 1220 2712 discrepare
1247 2669 1407 2712 possunt,
1435 2670 1474 2699 ut
1501 2678 1581 2700 cum
1607 2665 1652 2700 iis
1678 2666 1850 2713 conjungi
1877 2679 1948 2701 non
1977 2679 2078 2714 posse
2104 2668 2219 2715 primo

269 2728 436 2775 adspectu
464 2728 667 2771 videantur,

719 2787 872 2838 μέλλων
897 2787 942 2827 δὲ
967 2786 1147 2837 πέμπειν
1170 2784 1217 2837 μ’
1247 2784 1428 2827 Οἰδίπου
1453 2787 1607 2835 κλεινὸς
1633 2786 1747 2839 γόνος

720 2911 761 2952 ἐν
786 2910 884 2967 τῷδ’
912 2910 1233 2964 ἐπεστράτευσαν
1250 2909 1420 2964 Ἀργεῖοι
1453 2911 1588 2952 πόλιν.

1365 2977 1454 3012 Eur.
1485 2978 1618 3013 Phoen.
1647 2978 1865 3014 283—285.
1918 2979 2112 3015 Kirchhoff.

373 3054 406 3098 ⁴)
434 3053 550 3089 Ueber
589 3052 646 3087 die
684 3055 900 3098 sogenannte
946 3050 1103 3085 absolute
1158 3049 1602 3095 participialconstruction
1651 3053 1715 3086 der
1762 3052 2007 3098 griechischen
2049 3052 2218 3099 Sprache.

269 3116 409 3161 Glogau
437 3114 549 3151 1857.

2061 3188 2095 3218 2⁸
