2941 3765
1017 315 1066 347 De
1089 314 1298 347 anacoluthis
1320 314 1532 348 Herodoteis.
1629 332 1633 334 -
2161 298 2215 340 61

262 427 367 476 288,
417 424 511 468 adn.
562 427 612 480 63
660 425 707 468 B.
757 439 848 485 pag.
891 427 1002 480 3093
1036 424 1112 467 Tb.
1146 427 1172 478 S
1206 426 1310 475 312,
1349 426 1422 469 22.
1486 424 1532 474 Π,
1586 424 1685 475 124,
1720 426 1832 466 τοῖσι
1865 426 1952 478 μὲν
1985 449 2045 455 -
2078 450 2136 456 -
2171 421 2219 465 δὲ

262 533 323 539 —-
372 532 430 537 ——
480 503 664 563 ἑτέροισι
711 531 787 548 -.
829 505 912 557 VII,
962 504 1060 556 ⁴77,
1104 531 1163 537 -—
1197 500 1345 547 αὗταῖν
1377 504 1420 548 οἳ
1452 507 1540 560 μὲν
1572 530 1630 535 -
1665 531 1741 558 -,
1776 501 1910 545 ἄλλοι
1943 502 1989 545 δὲ
2034 530 2108 546 -.
2150 503 2217 554 lV,

262 587 337 631 94.
401 584 491 629 Jam
522 599 574 628 ex
606 583 766 630 duabus
797 584 901 629 inter
934 601 979 630 se
1011 583 1350 646 respondentibus
1380 584 1649 630 locutionibus
1682 598 1764 629 una
1795 583 1984 629 adverbio
2015 591 2055 628 et
2087 584 2221 644 parti-

259 667 350 714 cula
390 673 479 723 μέν
510 664 760 726 exprimitur,
794 665 918 710 altera
950 667 1005 711 ita
1037 666 1222 720 instituta
1254 673 1328 717 est,
1364 673 1411 710 ut
1441 665 1681 726 praepositio
1716 680 1809 710 cum
1843 664 2003 709 nomine
2035 665 2224 724 particu÷

261 750 321 793 lae
354 747 405 791 δέ
435 747 691 806 adjungatur,
726 746 796 804 qui
827 761 930 791 usus
962 747 1025 790 his
1057 747 1250 807 exemplis
1284 747 1507 791 illustretur
1539 747 1568 797 l,
1607 744 1680 797 72,
1706 771 1769 778 -
1791 745 1927 788 ἔνθεν
1948 748 2036 800 μὲν
2058 771 2118 778 --
2141 773 2218 800 -,

260 829 310 881 ἐξ
359 824 593 882 εὐωνύμου
642 826 704 869 δέ.
769 826 836 876 IV,
891 827 973 880 403
1022 842 1154 886 neque
1203 828 1267 871 his
1307 827 1404 871 locis
1446 826 1648 870 dissimilis
1693 825 1850 870 videtur
1882 826 1911 875 Ι,
1954 829 2052 877 106,
2082 826 2223 884 χωρὶς

261 912 350 965 μὲν
397 910 486 965 γαρ
536 906 682 963 φόρον
715 905 940 963 ἔπρησσον
972 922 1064 963 παρ
1085 904 1100 921 ³
1132 907 1333 950 ἑκάστων
1364 909 1417 950 τό
1450 906 1672 950 ἑκάστοισι
1706 905 1973 961 ἐπέβαλλον,
2002 909 2143 963 χωρὶς
2173 905 2219 948 δὲ

260 993 339 1032 τοῦ
383 988 529 1044 φόρου
563 983 762 1043 ἥρπαζον
794 1012 855 1018 --
887 1012 948 1018 —
980 990 1121 1039 τοῦτο,
1154 984 1182 1029 ὅ
1212 1003 1251 1029 τι
1284 987 1429 1042 ἔχοιεν
1461 986 1654 1028 ἕκαστοι.
1719 986 1838 1038 Quod
1871 986 2029 1028 codices
2061 988 2221 1044 φόρων

262 1085 337 1131 pro
386 1066 532 1126 φόρον
578 1065 772 1127 praebere
819 1064 1018 1118 videntur,
1061 1065 1125 1110 illa
1164 1067 1365 1127 scriptura
1405 1067 1445 1110 in
1479 1066 1681 1119 omnibus,
1717 1081 1821 1126 quas
1852 1065 1943 1117 adii,
1979 1066 2221 1111 editionibus

261 1146 732 1211 Schweighaeuseriana·
761 1153 800 1191 et
840 1144 1074 1206 Stegeriana
1114 1147 1291 1208 exceptis
1319 1135 1411 1207 jure
1444 1147 1531 1192 sine
1563 1147 1686 1193 dubio
1719 1163 1769 1191 ex
1803 1152 1994 1191 contextu
2030 1146 2219 1192 exulavit.

260 1229 450 1275 Dietschii
498 1235 633 1272 autem
675 1227 929 1286 scripturam,
956 1241 1081 1285 -quae
1124 1228 1286 1272 Reiskio
1326 1228 1510 1280 debetur,
1548 1229 1624 1273 Lh.
1658 1236 1699 1274 et
1731 1228 1792 1272 St.
1827 1237 2068 1288 receperunt
2099 1228 2222 1287 idque

262 1319 381 1361 recte,
424 1309 494 1368 qui
536 1308 642 1351 enim
685 1307 774 1351 soni
818 1307 971 1352 facilius
1003 1322 1126 1366 quam
1156 1309 1361 1352 literarum
1395 1325 1420 1352 ο
1439 1318 1494 1353 ,et
1527 1327 1565 1353 ω
1598 1310 1706 1354 inter
1740 1325 1785 1353 se
1817 1309 2039 1368 permutari
2072 1317 2222 1367 potue-

263 1390 389 1436 runt?
454 1389 543 1433 Joh.
588 1396 723 1433 tamen
767 1388 1021 1432 Dindorflum
1061 1390 1216 1442 φόνων
1258 1389 1506 1435 scribentum
1542 1397 1709 1434 secutus
1741 1396 1815 1440 est,
1851 1389 1924 1432 Kr.
1958 1397 2094 1434 autem
2127 1390 2220 1434 illud

261 1473 341 1514 τοῦ
373 1472 518 1528 φόρου
552 1468 853 1528 circumsripsit,
891 1468 968 1511 Ab.
1003 1468 1178 1512 πολλὸν
1209 1471 1296 1523 μὲν
1327 1470 1416 1526 γὰρ
1451 1471 1598 1529 φόρον
1630 1469 1750 1513 dedit.
1776 1496 1836 1502 -
1860 1469 1957 1513 Post
1983 1469 2218 1521 locutiones,

262 1550 403 1609 quales
435 1556 532 1593 sunt
565 1552 743 1607 πρῶτον
774 1555 876 1603 μέν,
911 1551 1066 1605 πρώτα
1097 1555 1197 1603 μέν,
1231 1549 1400 1608 scriptor
1432 1549 1472 1591 in
1508 1549 1728 1609 posteriore
1760 1550 1845 1593 loco
1878 1556 2085 1593 structura
2118 1565 2221 1610 par-

261 1629 421 1689 ticipiali
467 1643 570 1672 usus
618 1634 690 1678 est,
742 1628 808 1678 IV,
859 1631 956 1678 199,
1002 1630 1156 1685 πρῶτα
1199 1631 1285 1683 μὲν
1318 1631 1405 1687 γάρ
1436 1631 1489 1671 τοὶ
1521 1631 1881 1688 παραθαλάσσια
1913 1632 2002 1671 τῶν
2033 1633 2222 1688 καρπῶν

262 1706 383 1768 ὄργᾷ
415 1705 633 1765 ἇμᾶσθαί
660 1724 704 1752 τε
736 1713 811 1752 καὶ
843 1708 1125 1767 τρυγᾶσθαι·
1159 1711 1321 1752 τούτων
1353 1708 1399 1752 δὲ
1432 1708 1489 1766 δὴ
1520 1716 1959 1766 συγκεκομισμένων
1992 1736 2051 1742 —-
2087 1737 2146 1743 —-
2171 1712 2222 1753 τὰ

261 1796 385 1848 μέσα
417 1785 534 1849 ὀργᾷ
567 1788 936 1845 συγκομίζεσθαι.
998 1787 1064 1833 Sic
1098 1787 1233 1850 legunt
1266 1804 1404 1834 omnes
1436 1797 1597 1849 praeter
1629 1789 1878 1835 Dietscliium
1913 1798 1954 1835 et
1976 1789 2220 1841 Abichtium,

262 1871 350 1935 qui,
367 1897 429 1903 —
459 1885 501 1914 τε
537 1868 593 1927 δή
626 1869 851 1929 scripturae
884 1869 930 1914 δὲ
967 1868 1024 1928 δή
1056 1868 1342 1930 praetulerunt,
1378 1869 1448 1913 sed
1471 1868 1522 1914 ad
1544 1869 1640 1915 illud
1661 1876 1707 1915 τί
1727 1870 2052 1916 confirmandum
2074 1870 2224 1916 nullius

262 1951 412 1997 codicis
444 1951 722 1996 auctoritatem
755 1950 889 1996 inveni
922 1951 1133 2011 prolatam.
1189 1951 1287 2002 vul,
1326 1953 1395 2002 53,
1431 1954 1609 2010 πρῶτον
1642 1955 1730 2006 μὲν
1752 1951 1993 2010 ἐτράποντο
2017 1953 2132 2011 πρός
2150 1954 2226 2000 τὰς

264 2034 422 2086 πύλας,
456 2034 609 2079 ταύτας
641 2031 687 2074 δὲ
721 2027 974 2082 ἀνοίξαντες
1003 2034 1102 2079 τοῦς
1132 2032 1273 2080 ἱκέτας
1303 2030 1531 2087 ἐφόνευον.
1585 2031 1670 2076 Cfr.
1695 2033 1778 2083 Vll,
1811 2033 1881 2084 42,
1913 2033 1984 2076 43.
2009 2058 2069 2064 -
2093 2033 2223 2077 Etiam

264 2113 428 2158 relativa
468 2112 694 2157 enunciatio
735 2112 859 2156 altero
900 2112 985 2155 loco
1017 2113 1204 2164 occurrit,
1239 2114 1354 2173 cujus
1387 2112 1444 2155 rei
1477 2113 1721 2157 mentionem
1753 2113 1847 2157 facit
1879 2113 2021 2157 Matth.
2057 2117 2082 2168 S
2117 2116 2222 2166 288,

263 2195 360 2239 adn.
396 2198 438 2238 6.
473 2194 519 2245 V,
558 2193 629 2244 37,
666 2220 724 2226 —
758 2195 859 2242 τούς
887 2196 976 2249 μὲν
1007 2192 1258 2245 ἐξελαύνων
1290 2197 1377 2237 τών
1407 2196 1651 2251 τυράννων,
1685 2196 1784 2241 τούς
1816 2190 1873 2236 δ’
1904 2193 2040 2251 ἔλαβε
2063 2196 2224 2253 τυράν-

264 2291 370 2324 νους
399 2301 461 2307 —-
494 2300 569 2328 —,
603 2275 777 2321 τούτους
809 2273 856 2317 δὲ
892 2300 950 2306 —-
984 2300 1045 2306 —
1080 2272 1290 2327 ἐξεδίδου,
1323 2288 1404 2333 quo
1436 2273 1487 2317 de
1519 2274 1605 2318 loco
1638 2274 1717 2319 vid.
1751 2288 1843 2334 pag.
1884 2277 1957 2320 29.

389 2354 543 2401 Accidit
583 2369 759 2414 quoque,
794 2361 839 2399 ut
872 2354 1094 2414 posteriore
1126 2354 1211 2398 loco
1242 2364 1463 2414 usurpetur
1496 2355 1541 2399 οἶ
1575 2356 1626 2399 δέ
1656 2355 1682 2400 Ι.
1716 2355 1921 2399 consimile
1952 2356 2063 2415 quid,
2098 2372 2227 2415 quum

265 2436 374 2482 nulla
424 2435 672 2495 respondens
722 2434 867 2478 locutio
913 2449 1007 2479 cum
1052 2440 1140 2490 μέν
1173 2434 1390 2486 antecedat,
1426 2434 1497 2479 Kr.
1532 2436 1560 2486 l,
1598 2438 1669 2486 50,
1713 2438 1747 2486 1,
1792 2437 1868 2489 12,
1903 2436 1948 2486 ΙΙ,
1987 2439 2058 2487 50,
2103 2440 2137 2487 1,
2176 2440 2225 2491 8;

266 2517 346 2561 Ku.
388 2519 413 2570 S
457 2516 560 2566 735,
597 2517 646 2570 2;
683 2514 822 2558 Matth.
857 2518 882 2569 S
917 2517 1021 2566 288,
1056 2514 1149 2559 adn.
1189 2515 1236 2570 43
1271 2515 1316 2559 B.
1350 2529 1440 2574 pag.
1477 2518 1581 2559 309.
1645 2515 1721 2560 Th.
1755 2520 1781 2569 S
1817 2518 1920 2567 312,
1958 2518 2031 2562 22.
2085 2518 2113 2568 Ι,
2152 2519 2224 2567 75,

264 2598 350 2648 fin„
387 2597 430 2640 οἳ
464 2596 510 2639 δὲ
544 2622 604 2629 -
640 2622 702 2628 -
734 2596 918 2651 λέγουσι
951 2621 1025 2638 -.
1060 2595 1126 2645 IV,
1167 2595 1246 2649 453
1285 2595 1329 2645 V,
1368 2595 1445 2649 41;
1481 2595 1563 2645 Vll,
1601 2597 1673 2646 25,
1709 2596 1794 2646 fin„
1821 2596 1890 2640 ubi
1912 2595 1974 2640 St.
2002 2604 2109 2640 recte
2131 2597 2227 2640 ani-

265 2677 490 2728 madvertit,
534 2676 781 2721 Herodotum
822 2690 845 2719 a
888 2675 1056 2720 dicendo
1088 2675 1138 2719 de
1170 2675 1369 2720 frumento
1402 2674 1452 2718 ad
1486 2675 1644 2735 singula
1676 2675 1761 2720 loca
1795 2684 2046 2737 comportato
2079 2692 2227 2738 proce-

265 2758 362 2803 dere
393 2757 445 2803 ad
478 2757 612 2818 ipsum
646 2757 872 2816 subjectum
905 2756 1020 2801 verbi
1052 2752 1235 2813 ἀγίνεον
1267 2755 1546 2815 dividendum3
1582 2759 1651 2810 lx,
1690 2757 1771 2814 733
1806 2759 1874 2808 lx,
1918 2760 2025 2813 ⁴203
2050 2759 2096 2810 ll,
2128 2762 2225 2810 131,

265 2839 311 2883 οἳ
359 2838 411 2882 δέ
456 2854 569 2886 τινες
608 2864 683 2880 --.
735 2837 802 2888 lV,
848 2837 920 2889 94,
967 2837 1011 2881 οἳ
1044 2837 1090 2881 δὲ
1125 2833 1269 2881 amu
1302 2864 1373 2881 —.
1409 2838 1455 2889 V,
1493 2842 1566 2890 98,
1603 2839 1647 2883 οἳ
1682 2838 1734 2883 δέ
1766 2856 1875 2888 τινες
1905 2835 2051 2883 αὐτῶν
2084 2867 2141 2874 —
2167 2843 2227 2897 ⁹).

372 2969 408 3014 ⁹)
435 2969 469 3004 A
507 2967 755 3013 Bernhardyo,
795 2981 875 3015 pag.
911 2967 1000 3011 310,
1035 2967 1119 3004 adn.
1154 2967 1242 3011 374,
1276 2969 1446 3005 collatum
1479 2975 1534 3006 est
1569 2970 1668 3006 Caes.
1708 2972 1755 3007 D.
1791 2971 1833 3006 B.
1862 2970 1906 3006 G.
1935 2970 1964 3012 Ι,
1993 2968 2030 3011 8,
2058 2969 2229 3013 Helvetii,

269 3054 319 3060 —
352 3054 416 3075 —‚
455 3030 612 3068 navibus
642 3031 789 3076 junctis
821 3031 1035 3076 ratibusque
1068 3030 1311 3076 compluribus
1335 3031 1468 3077 fac-tis,
1495 3032 1564 3069 alii
1590 3033 1697 3070 vadis
1722 3033 1907 3075 Rkodani‚
1933 3053 1983 3060 —
2011 3054 2061 3059 —
2091 3053 2138 3060 --
2167 3054 2231 3076 —,

265 3095 302 3131 si
321 3104 558 3141 perrumpere
576 3096 740 3139 possent,
765 3095 899 3138 conati,
927 3116 977 3122 —
1005 3116 1055 3121 —
1084 3117 1144 3136 ψ,
1171 3093 1233 3129 hoc
1259 3097 1390 3130 conatu
1420 3095 1645 3132 destiterunt.

390 3167 507 3200 Lunds
533 3166 629 3199 Univ.
653 3157 830 3199 Rrsskrist.
876 3166 972 3199 Tom.
996 3166 1034 3197 Υ.
2064 3167 2106 3198 13
