2941 3765
663 316 722 361 62
1496 333 1529 366 S.
1555 333 1594 366 E.
1619 332 1801 366 Melander.

663 441 764 492 vul,
808 443 907 491 130,
944 440 991 484 αἳ
1025 440 1071 483 δὲ
1104 443 1193 482 τῶν
1226 443 1343 482 νεών
1375 467 1450 483 -.
1484 441 1551 492 Ν,
1588 443 1661 492 20,
1696 442 1750 483 τοὶ
1783 441 1828 483 δὲ·
1862 436 2010 482 αὐτῶν
2041 440 2282 494 κατήκουσι
2315 437 2386 481 ἐπὶ
2419 439 2631 492 ποταμόν

665 524 847 564 Τάναϊν.
897 522 973 565 Lh.
1009 521 1066 564 sic
1098 521 1386 579 interpretatur
1418 524 1496 566 mit
1527 524 1663 566 einem
1684 523 1853 565 andern
1877 519 2023 563 Theile
2043 519 2161 562 ihres
2182 518 2363 563 Laudes
2384 519 2631 563 erstreeken

613 587 617 590 Δ
658 602 723 646 sie
771 601 863 646 sich
911 616 970 645 an
1016 602 1100 645 den
1151 601 1327 645 Tanais.
1392 601 1501 646 Idem
1549 601 1676 653 docet,
1720 615 1837 645 voces
1869 601 1920 643 τα
1954 598 2002 642 δὲ
2034 593 2180 641 abusu
2211 597 2543 643 antecedentibus
2577 600 2627 642 τό

659 685 748 737 μὲν
788 685 902 740 προς
941 684 1238 740 μεσημβρίην
1271 690 1310 725 et
1344 685 1392 726 τό
1426 683 1474 725 δὲ
1508 686 1623 741 πρὸς
1654 679 1723 739 ἠῶ
1756 681 2013 740 respondere,
2048 678 2088 723 id
2120 678 2230 738 quod
2263 678 2381 724 etiam
2413 678 2629 739 Schweig-

659 762 859 808 haeusero
891 771 931 807 et
963 762 1173 822 Kreugero
1206 763 1416 822 probatur.
1482 763 1607 809 Aliter
1639 762 1700 807 St.
1733 769 1773 808 et
1806 760 1884 807 Ab.
1918 761 2027 807 hunc
2059 758 2193 805 locum
2225 758 2437 820 explicant,
2470 758 2565 805 iliud
2588 776 2624 805 τ.

659 860 712 900 μ.
762 839 805 887 ἅ.
856 842 1083 903 subjectum
1134 844 1247 889 verbi
1297 846 1540 902 κατήκουσι
1589 859 1696 896 esse,
1740 849 1976 895 statuentes,
2021 855 2127 902 quae
2160 841 2273 894 ratio,
2309 841 2464 886 etiamsi
2496 855 2626 902 quum

659 923 817 969 Graeco
865 938 1053 969 sermone
1102 932 1190 969 tum
1238 925 1419 970 oratione
1458 924 1681 969 Herodotea
1713 924 1967 985 comprobari
1998 930 2143 984 potest,
2184 931 2317 968 tamen
2351 923 2414 967 ilia
2448 922 2622 968 deterior

660 1004 756 1049 mihi
796 1004 882 1049 visa
916 1012 992 1049 est.
1059 1005 1124 1056 vl,
1168 1009 1278 1059 tos,
1312 1006 1361 1050 de
1394 1006 1468 1049 hoc
1499 1013 1539 1049 et
1572 1004 1779 1064 superiore
1811 1005 2006 1065 exemplis
2037 1003 2160 1049 adeas
2192 1003 2265 1047 Kr.
2299 1004 2326 1055 1,
2364 1006 2436 1055 50,
2479 1006 2514 1055 1,
2557 1005 2627 1047 15.

661 1084 763 1137 vul,
806 1087 906 1138 445,
942 1087 1045 1136 τοῦς
1076 1085 1138 1130 δε.
1206 1085 1252 1137 v,
1293 1085 1362 1138 45,
1397 1087 1521 1129 τοῦτο
1556 1083 1618 1129 δι’.
1689 1084 1790 1137 vlu,
1829 1087 1901 1137 60,
1944 1087 1988 1140 ι,
2022 1084 2090 1136 lx,
2127 1082 2201 1130 27.
2255 1071 2340 1128 Hoc
2373 1091 2508 1128 tamen
2541 1082 2628 1128 1000

659 1164 799 1210 Schw.
849 1173 889 1210 et
937 1165 1010 1226 Sg.
1053 1166 1191 1226 legunt
1222 1169 1348 1210 τοῦτο
1381 1172 1469 1222 μέν
1500 1173 1593 1210 ante
1626 1166 1802 1214 τούτους
1833 1167 2067 1223 πρότερον,
2101 1164 2210 1224 quod
2246 1178 2371 1224 supra
2403 1172 2488 1220 est·,
2522 1179 2629 1224 quae

660 1247 862 1307 scriptura
911 1248 1093 1292 omnium
1134 1247 1316 1292 codicum
1359 1255 1420 1291 est
1453 1246 1733 1290 Sancrottiano
1766 1254 1946 1305 excepto.
2014 1245 2094 1290 Sed
2127 1247 2162 1290 is
2195 1247 2323 1290 codex
2356 1246 2530 1289 melioris
2562 1253 2624 1289 est

619 1336 623 1339 '
663 1336 794 1378 notae,
829 1335 876 1371 ut
908 1328 981 1372 Kr.
1016 1337 1164 1371 monet.
1219 1329 1356 1380 Quare
1389 1327 1483 1370 inud
1518 1330 1643 1368 τοῦτο
1677 1333 1780 1380 μέν,
1816 1328 1925 1385 quod
1959 1327 2171 1371 molestum
2207 1327 2348 1370 saitem
2381 1327 2512 1370 locum
2545 1327 2627 1369 ob-·

664 1408 773 1457 tinet,
825 1408 967 1466 reliqui
1016 1409 1190 1452 editores
1230 1407 1444 1451 Schaefero
1485 1406 1665 1450 obsecuti
1706 1407 1922 1464 ejecerunt.
1990 1407 2055 1457 Vl,
2104 1407 2177 1458 94,
2213 1402 2313 1462 ἅμα
2348 1406 2409 1450 δέ.
2475 1407 2628 1452 Deinde

662 1486 845 1547 exempla
896 1498 1133 1548 sequantur,
1186 1488 1253 1533 ubi
1298 1487 1429 1547 priore
1472 1486 1555 1530 loco
1597 1486 1647 1529 iili
1683 1484 1709 1529 ὅ
1741 1493 1829 1542 ,αι-’ν
1863 1487 2130 1532 substitutum
2165 1494 2227 1532 cst
2259 1495 2328 1532 aut
2364 1501 2522 1539 nomen,
2559 1488 2627 1539 Vl,

665 1571 738 1619 68,
792 1568 1056 1626 Δευτυχίδης
1102 1572 1190 1623 μὲν
1238 1594 1298 1601 -
1347 1593 1422 1620 ——‚
1466 1567 1508 1610 οἳ
1552 1567 1598 1609 δὲ
1642 1593 1718 1620 -,
1753 1582 1928 1626 quocum
1962 1567 2146 1612 conferas
2179 1569 2225 1619 11,
2263 1570 2335 1618 63,
2372 1567 2415 1610 οἳ
2446 1570 2534 1623 μὲν
2567 1595 2627 1601 -

664 1644 813 1707 ὀλίγοι
863 1665 947 1703 -;
994 1649 1062 1699 lx,
1114 1649 1183 1699 44,
1221 1648 1262 1692 οἳ
1295 1651 1381 1704 μὲν
1412 1649 1595 1696 πλεῦνες
1628 1674 1700 1690 -.
1742 1648 1840 1699 Vlll,
1879 1651 1950 1699 36,
1987 1650 2032 1693 οἱ
2063 1651 2151 1705 μὲν
2183 1649 2380 1691 πλεῖστοι
2413 1674 2488 1691 -.
2524 1648 2626 1700 vlu,

668 1731 748 1785 443
783 1738 854 1775 aut
887 1729 1141 1788 adjectivum,
1177 1728 1308 1787 qualia
1341 1735 1437 1772 sunt
1459 1727 1505 1778 11,
1538 1729 1637 1779 425,
1662 1753 1724 1761 —
1746 1731 2021 1787 μετεξέτεροι
2045 1755 2119 1772 -.
2145 1728 2245 1780 vlu,
2274 1731 2314 1779 8,
2342 1753 2400 1758 —
2425 1726 2545 1772 ἄλλα
2566 1731 2625 1785 ¹).

790 1808 1037 1855 Occurrunt
1060 1812 1201 1853 autem
1226 1808 1318 1863 loci,
1341 1807 1413 1852 ubi
1440 1808 1722 1851 communium
1745 1808 1921 1853 illarum
1939 1809 2196 1853 locutionum
2212 1807 2431 1852 abnormis
2448 1809 2629 1853 eoesistat

662 1905 780 1945 usus,
814 1905 942 1946 quum
975 1895 1063 1933 tota
1086 1891 1223 1933 oratio
1246 1890 1494 1944 saepissime
1513 1902 1594 1943 per
1616 1889 1898 1944 epanalepsin
1920 1891 2048 1934 aliter
2069 1894 2194 1946 atque
2216 1891 2415 1934 instituta
2437 1894 2532 1933 erat
2554 1891 2629 1933 de-

663 1973 793 2015 ducta
824 1972 892 2014 sit.
958 1970 1021 2014 Ad
1055 1970 1163 2028 quod
1196 1985 1326 2028 genus
1361 1969 1591 2012 referendos
1622 1976 1721 2027 puto
1755 1969 1803 2023 ll,
1841 1974 1881 2020 8,
1918 1974 1968 2027 τῇ
2000 1973 2088 2025 μὲν
2119 1973 2208 2027 γάρ
2230 1973 2304 2026 τῆς
2319 1965 2526 2028 Ἀραβίης
2547 1965 2629 2013 οὖ-

665 2067 744 2107 ρος
776 2056 1083 2109 παρατέταται,
1118 2076 1193 2092 --.
1228 2048 1379 2093 Deinde
1413 2049 1641 2095 Herodotus
1673 2050 1714 2094 in
1737 2050 1812 2094 hoc
1835 2058 1971 2095 monte
1993 2049 2259 2094 describendo
2282 2057 2479 2101 versatur,
2504 2065 2628 2109 quam

662 2129 826 2191 quidem
860 2128 1169 2190 descriptionem
1203 2127 1256 2172 ita
1291 2128 1464 2174 breviter
1496 2130 1797 2190 comprehendit
1831 2132 1958 2174 τοῦτο
1991 2135 2080 2185 μέν
2113 2145 2191 2174 νυν
2223 2131 2271 2174 τό
2297 2125 2431 2188 οὖρος
2451 2128 2629 2174 τοιοῦτό

663 2210 765 2265 ἐστι,
816 2210 880 2254 cui
931 2210 1148 2269 respondet
1197 2208 1247 2258 id,
1299 2210 1407 2268 quod
1457 2210 1560 2254 illius
1602 2213 1652 2268 τῇ
1684 2217 1772 2266 μέν
1804 2210 2051 2254 contrarium
2084 2210 2243 2254 efficere
2273 2210 2458 2261 debebat,
2494 2213 2543 2254 τὸ
2578 2210 2625 2253 δὲ

662 2293 777 2348 πρός
812 2292 981 2347 Λιβύης
1014 2293 1086 2347 τῆς
1117 2289 1344 2345 Αἰγύπτου
1379 2286 1511 2347 οὖρος
1542 2288 1657 2334 ἄλλο
1691 2298 1898 2348 πέτρινον
1931 2297 2071 2334 τείνει.
2138 2292 2201 2342 lll,
2245 2294 2343 2342 408,
2378 2294 2502 2334 τοῦτο
2524 2294 2629 2346 μὲν,

664 2368 732 2416 ὅτι
781 2370 807 2415 ὅ
848 2373 992 2428 λαγός
1030 2398 1105 2413 —.
1149 2369 1256 2413 Haec
1290 2371 1486 2415 sententia
1520 2372 1712 2432 repetitur
1746 2388 1817 2432 per
1849 2374 1974 2415 τοῦτο
2008 2374 2095 2427 μὲν
2128 2370 2184 2429 δή
2216 2373 2391 2415 τοιοῦτό
2423 2370 2529 2426 ἐστι,
2563 2371 2628 2416 cui

662 2453 904 2512 obsequitur
940 2450 970 2510 ἦ
1003 2452 1049 2496 δὲ
1086 2452 1141 2510 δή
1176 2452 1333 2494 λέαινα
1367 2478 1441 2505 —,
1475 2453 1543 2496 ubi
1577 2456 1701 2496 τοῦτο
1736 2453 1786 2496 δέ
1818 2452 2066 2497 antecedenti
2099 2455 2224 2496 τοῦτο
2256 2459 2345 2509 μέν
2378 2453 2632 2513 respondens

662 2533 1015 2594 exspectabamus·
1081 2533 1148 2584 lv,
1187 2532 1257 2582 76,
1295 2535 1420 2575 τοῦτο
1453 2537 1539 2589 μὲν
1572 2536 1660 2591 γὰρ
1688 2529 1958 2593 Ἀνάχαρσις,
1993 2558 2067 2575 -—.
2104 2533 2250 2577 Postea
2282 2534 2410 2578 oratio
2442 2534 2630 2578 diffusior

663 2616 767 2659 facta
801 2623 876 2665 est,
911 2629 1035 2673 quam
1070 2623 1114 2657 ut
1147 2618 1271 2656 τοῦτο
1309 2614 1359 2656 δέ
1392 2622 1499 2657 recta
1533 2615 1595 2657 via
1629 2616 1742 2673 sequi
1777 2614 1873 2657 satis
1907 2614 2114 2657 commode
2147 2623 2295 2674 posset,
2333 2629 2461 2674 quare
2483 2615 2524 2658 in
2547 2630 2630 2658 ex-

771 2743 804 2788 ¹)
833 2741 901 2777 Hic
929 2740 1045 2776 locum
1073 2740 1250 2788 attingere
1278 2741 1364 2776 mihi
1392 2741 1503 2785 lubet,
1532 2753 1638 2788 quem
1665 2739 1733 2777 huc
1761 2741 1913 2777 relatum
1940 2753 2014 2777 esse
2041 2741 2194 2786 nollem;
2222 2741 2354 2789 legitur
2373 2741 2467 2777 enim
2486 2741 2516 2785 Ι,
2539 2740 2628 2785 163,

661 2803 731 2844 καὶ
773 2803 849 2856 γὰρ
889 2802 959 2842 καὶ
1002 2801 1024 2856 ἡ
1060 2800 1251 2854 περίοδος
1284 2806 1355 2841 τοῦ
1389 2800 1543 2851 τείχεος
1574 2799 1643 2841 οὐκ
1679 2798 1809 2853 ὀλίγοι
1846 2800 2010 2842 στάδιοί
2038 2800 2134 2852 εἶσι,
2162 2807 2280 2842 τοῦτο
2307 2801 2353 2842 δὲ
2379 2806 2464 2842 πᾶν
2491 2800 2629 2842 λίθων

660 2864 845 2918 μεγάλων
879 2864 948 2904 καὶ
985 2859 1028 2903 εὖ
1054 2863 1398 2917 συναρμοσμένων.
1454 2867 1506 2903 St.
1535 2870 1572 2902 et
1597 2867 1666 2902 Ab.
1694 2866 1832 2909 dicunt,
1861 2869 1978 2904 τοῦτο
2005 2863 2052 2903 δέ
2076 2867 2249 2914 respicere
2276 2870 2395 2905 τοῦτο
2420 2864 2503 2915 μέν,
2532 2867 2630 2914 quod

660 2929 870 2968 antecedere
914 2929 1072 2973 deberet,
1114 2942 1180 2977 pro
1220 2941 1292 2977 quo
1333 2926 1401 2967 καὶ
1442 2926 1517 2981 γὰρ
1551 2924 1622 2967 καί
1648 2929 1803 2977 positum
1831 2941 1914 2965 esse.
1967 2928 2037 2965 Sed
2062 2929 2256 2978 simplicius
2282 2930 2447 2977 equidem
2473 2933 2630 2967 statuere

661 2993 800 3036 videor,
836 2995 956 3029 τοῦτο
983 2992 1077 3026 idem
1104 2996 1214 3038 atque
1241 2988 1289 3027 τὸ
1316 2992 1448 3039 τεῖχος
1474 2991 1675 3038 significare
1702 2992 1747 3027 ob
1775 3003 1923 3038 eamque
1951 3003 2024 3025 rem
2052 2992 2170 3027 locum
2197 2992 2358 3038 legitima
2385 2993 2525 3028 ratione
2552 3005 2629 3028 esse

661 3057 915 3104 compositum3
956 3061 1064 3102 atque
1103 3057 1217 3091 Schw.
1246 3059 1342 3090 recte
1369 3056 1643 3102 interpretatur:
1672 3060 1706 3092 et
1732 3059 1826 3092 totus
1852 3057 1910 3092 hic
1935 3066 2065 3092 murus
2091 3067 2134 3092 ea:
2160 3057 2307 3100 maqnis
2333 3057 2532 3100 lapidibus,
2560 3058 2629 3092 eis-

661 3130 731 3166 que
758 3120 844 3157 bene
870 3119 1060 3166 coaptatis,
1088 3122 1140 3156 est
1167 3121 1381 3156 exstrui-tus.
