2941 3765
1074 317 1123 350 De
1145 316 1354 350 anacoluthis
1377 317 1591 351 Herodoteis.
2252 299 2304 343 ⁴⁴

339 430 591 483 ταγμὲνους
629 428 705 469 καὶ
745 424 789 475 ἐς
827 431 976 471 νείκεα
1007 422 1286 484 ἀπιγμένους
1317 422 1462 471 αὐτῶν
1495 427 1595 476 τοῦς
1625 424 1841 486 πρώτους.
1907 425 1979 470 Kr.
2012 424 2307 477 animadvertit,

341 506 436 551 illud
489 511 536 548 τε
580 505 815 550 collocatum
855 521 956 559 esse,
999 508 1117 568 quasi
1149 516 1244 551 ante
1276 506 1320 556 ἐς
1349 513 1497 550 νείκεα
1528 506 1700 552 verbum
1733 507 1784 549 ini
1818 503 1917 564 ὥρα
1948 506 2070 550 affine
2101 519 2307 551 consecu-

340 594 481 632 turum
532 594 654 632 esset.
720 586 825 631 Cum
873 589 1023 647 quibus
1072 589 1266 648 exemplis
1314 596 1602 649 comparentur
1633 588 1750 632 Thuc
1781 588 1866 643 lv„
1891 591 1942 631 10
1978 596 2018 631 ct
2050 589 2155 632 Xen.
2177 587 2307 633 Conv.

340 669 387 722 ll,
431 671 466 721 -1,
501 682 608 729 quae
640 682 664 728 a
697 667 847 721 Rosth
884 673 910 724 S
950 670 1048 722 134,
1086 673 1125 722 5,
1161 670 1255 715 adn.
1291 672 1331 722 2,
1367 669 1540 730 append.
1582 672 1617 721 1,
1653 684 1687 722 c,
1723 668 1953 714 laudantur.

464 749 529 800 Ab
562 749 622 799 iis,
658 749 700 791 in
732 749 883 806 quibus
914 765 1023 794 nunc
1056 751 1204 794 versati
1237 766 1393 801 sumuS,
1429 750 1681 794 anacoluthis
1714 750 1882 794 diversa*
1908 758 2005 794 sunt
2038 765 2096 800 ea,
2131 765 2306 808 quorum

341 830 444 875 ratio
490 831 531 874 in
573 845 620 874 eo
664 829 740 874 sita
784 838 858 881 est,
895 838 941 874 ut
974 832 1198 876 membrum
1231 832 1390 890 aliquod
1424 832 1574 876 factum
1609 831 1661 875 sit
1693 831 1938 889 dependens,
1974 846 2102 889 quum
2135 830 2306 876 absolu-

340 918 430 956 tum
462 915 552 955 esse
584 908 762 954 deberet.
817 909 893 955 Fit
924 910 1048 964 enim,
1081 914 1126 955 ut
1147 915 1255 972 post
1286 912 1519 957 locutiones
1552 910 1672 966 tales,
1704 911 1852 968 quales
1883 913 1986 956 sunt
2018 908 2082 959 οἷς
2109 912 2306 966 λέγουσι,

341 989 406 1039 οἷς
452 991 766 1045 πυνθάνομαι,
815 993 1018 1046 sequatur
1059 1004 1144 1035 non
1185 992 1358 1036 verbum
1389 992 1570 1046 finitum
1601 993 1679 1036 sed
1708 991 1951 1046 infinitivus
1983 1005 2036 1035 ex
2068 991 2196 1035 verbo
2229 993 2307 1034 λί-

340 1084 472 1128 γουσι
520 1070 545 1113 l.
582 1070 879 1126 πυνθάνομαι
905 1072 1113 1128 pendens,
1145 1074 1269 1130 quasi
1298 1073 1403 1117 haee
1435 1072 1566 1118 verba
1597 1087 1683 1117 non
1715 1074 1763 1116 in
1789 1073 2057 1130 parenthesi,
2089 1075 2137 1116 ut
2169 1073 2308 1127 ajunt,

333 1152 482 1208 posita
530 1154 680 1195 essent.
745 1150 816 1194 Kr.
868 1150 894 1202 Ι,
949 1153 1019 1203 55,
1074 1152 1111 1204 4,
1158 1151 1206 1209 73
1247 1153 1294 1205 Π,
1340 1155 1411 1205 55,
1452 1153 1489 1205 4,
1527 1156 1576 1209 3;
1612 1153 1746 1197 Madv.
1780 1157 1805 1208 S
1842 1155 1946 1205 216,
1980 1152 2075 1197 adn.
2111 1155 2159 1208 33
2195 1153 2244 1197 R.
2278 1155 2304 1208 S

349 1231 447 1283 137,
487 1231 525 1283 4,
562 1230 601 1283 h,
636 1232 690 1289 βς
726 1230 804 1275 Ku.
839 1234 864 1285 S
900 1231 1003 1284 857,
1039 1247 1082 1288 e3
1118 1232 1257 1278 Matth.
1292 1237 1317 1290 S
1353 1236 1456 1286 631,
1494 1236 1543 1289 2;
1578 1233 1625 1278 Β.
1660 1248 1751 1294 pag.
1790 1233 1878 1278 464
1901 1236 1960 1291 ³).

465 1312 570 1357 Haec
619 1312 814 1363 attractio,
865 1327 970 1371 quae
1017 1314 1068 1357 ab
1116 1313 1316 1360 Herodoto
1359 1317 1536 1376 profecta
1569 1316 1740 1366 videtur,
1785 1331 1912 1374 quum
1946 1315 2053 1375 apud
2087 1315 2185 1359 alios
2219 1324 2307 1359 tum

340 1393 450 1453 apud
490 1393 698 1436 Platonem
741 1402 779 1436 et
813 1393 1008 1451 imprimis
1042 1394 1256 1453 scriptores
1289 1397 1531 1455 posteriores
1563 1395 1760 1449 occurrit;
1795 1409 1916 1453 quem
1950 1410 2072 1439 usum
2105 1410 2178 1454 per
2213 1396 2306 1439 sin-

337 1475 456 1534 gulas
499 1481 651 1519 aetates
699 1474 746 1518 B.
790 1473 814 1518 Ι.
861 1474 886 1518 Ι.
937 1470 1145 1534 diligenter
1191 1478 1459 1536 persequitur.
1524 1477 1613 1521 Jam
1648 1477 1839 1527 locorum,
1874 1476 1943 1535 qui
1976 1477 2085 1536 apud
2118 1477 2305 1521 Herodo-

340 1564 430 1601 tum
480 1554 753 1606 inveniuntur,
801 1570 870 1599 eos
903 1555 1075 1615 primum
1107 1555 1335 1610 afferamus,
1372 1558 1437 1603 ubi
1471 1557 1695 1602 infinitivus
1727 1556 1978 1608 locutionem,
2013 1571 2119 1616 quae
2150 1566 2213 1602 est
2245 1556 2309 1607 οἷς

338 1638 537 1694 λέγουσι,
571 1635 764 1680 continuo
797 1636 992 1697 sequitur,
1028 1637 1057 1688 l,
1084 1639 1155 1688 65,
1181 1635 1243 1687 ὥς
1262 1664 1322 1670 —-
1344 1634 1465 1681 αὐτοὶ
1488 1637 1848 1694 Λακεδαιμόνιοι
1871 1638 2072 1695 λέγουσι,
2096 1639 2305 1696 Λυκοῦρ-

337 1734 424 1774 γον
456 1743 518 1748 ——
551 1742 611 1747 —
645 1742 703 1747 ——-
739 1715 787 1758 ἐκ
824 1719 997 1774 Κρήτης
1028 1698 1283 1772 ἀγαγέσθαι
1316 1721 1461 1760 ταῦτα.
1528 1718 1595 1768 lv,
1633 1720 1673 1768 5,
1708 1715 1772 1765 (ὖς
1803 1744 1865 1749 -
1896 1720 2084 1761 Σκύθαι
2106 1720 2305 1774 λέγουσι,

341 1797 562 1841 νεώτατον
610 1794 821 1838 ἁπάντων
870 1796 1045 1839 ἐθνέων
1094 1795 1205 1839 εἶναι
1250 1801 1299 1841 τό
1341 1805 1568 1855 σφέτερον,
1616 1825 1688 1840 -.
1724 1799 1770 1848 Y,
1812 1798 1882 1849 44,
1924 1801 2014 1842 Τόν
2041 1799 2211 1856 χρόνον
2246 1824 2306 1830 —

338 1879 508 1931 τοῦτον,
551 1874 613 1925 ὥς
651 1876 833 1932 λέγουσι
874 1878 1135 1935 Συβαρῖται,
1170 1884 1308 1933 σφέας
1336 1894 1378 1921 τε
1412 1873 1568 1927 αύτούς
1598 1882 1673 1922 καὶ
1711 1879 1860 1934 Τῆλυν
1893 1881 1970 1923 τὸν
2003 1877 2184 1923 ἑωυτῶν
2216 1880 2307 1935 βα-

339 1958 475 2004 σιλέα,
508 1956 579 2000 ἐπὶ
619 1956 839 2015 Κρότωνα
881 1958 1068 2011 μέλλειν
1101 1958 1434 2014 στρατεύεσθαι,
1467 1984 1542 2000 -.
1579 1957 1644 2008 Vl,
1688 1959 1787 2010 137,
1824 1957 1886 2008 αἷς
1919 1985 1977 1990 -
2013 1954 2138 2003 αὐτοὶ
2164 1954 2305 2015 Ἀθη-

340 2043 458 2084 ναῖοι
501 2040 700 2094 λέγουσι,
746 2037 931 2086 δικαίως
960 2036 1178 2090 ἐξελάσαι.
1217 2038 1295 2088 Vll,
1338 2039 1435 2090 171,
1471 2039 1515 2088 ἐς
1545 2066 1606 2072 —-
1640 2041 1720 2096 τήν
1754 2042 1935 2098 Κρήτην
1967 2038 2305 2098 ἐρημωθεῖσαν,

337 2119 402 2170 ὥς
431 2120 613 2177 λέγουσι
647 2122 875 2176 Πραίσιοι,
910 2117 1207 2169 ἐσοικίζεσθαι
1240 2116 1406 2168 ἄλλους
1436 2136 1478 2163 τε
1512 2117 1792 2177 ἀνθρώπους
1821 2125 1896 2163 καὶ
1929 2116 2306 2177 μάλιστα“Ελλη-

339 2217 418 2251 νας
464 2229 538 2255 ÷-.
588 2199 792 2260 Sequatur
838 2199 961 2255 locus,
1014 2199 1082 2244 ubi
1131 2200 1226 2243 haec
1276 2208 1481 2245 structura
1525 2209 1751 2261 usurpatur
1785 2210 1877 2261 post
1910 2204 2098 2258 λέγεται,
2133 2203 2161 2254 l,
2205 2204 2302 2253 191,

339 2309 400 2315 -—
449 2308 512 2315 -—
560 2279 622 2329 ὥς
667 2282 842 2339 λέγεται
892 2279 980 2323 ὑπὸ
1029 2283 1116 2323 τῶν
1155 2280 1284 2338 ταύτῃ
1326 2279 1602 2338 οἰκημένων,
1645 2309 1705 2315 —-
1751 2309 1809 2314 —
1852 2309 1915 2316 —
1948 2284 2049 2331 τούς
2079 2285 2128 2327 τό
2161 2290 2306 2339 μέσον

341 2362 566 2409 οἰκέοντας
609 2387 671 2393 ——
720 2388 783 2393 —
828 2357 881 2403 οὔ
924 2363 1183 2415 μανθάνειν
1224 2386 1297 2402 ——.
1333 2360 1430 2403 Post
1462 2362 1587 2405 verba
1620 2364 1944 2405 πυνθάνεσθαι
1977 2372 2018 2406 et
2051 2359 2234 2405 ἀκούειν
2267 2363 2307 2405 in

341 2442 572 2502 parenthesi
622 2443 750 2502 posita
800 2441 1063 2500 subsequitur
1095 2440 1326 2492 infinitivus,
1361 2442 1407 2492 Π,
1445 2446 1485 2493 8,
1523 2469 1581 2473 —
1616 2442 1679 2492 οἷς
1710 2442 1801 2499 ἐγώ
1841 2443 2185 2500 ἐπυνθανόμην,
2227 2443 2308 2486 δύο

337 2524 500 2578 μηνῶν
533 2517 640 2564 adro
674 2518 787 2564 εἶναι
820 2523 898 2577 τῆς
931 2519 1042 2563 ὁδοῦ
1076 2546 1150 2562 -.
1185 2520 1249 2570 lv,
1288 2519 1358 2569 76,
1394 2518 1456 2568 (ὗς
1489 2548 1547 2554 -—
1584 2520 1675 2578 ἐγώ
1711 2521 1884 2579 ἤκουσα
1922 2528 2102 2578 Τίμνεω
2137 2550 2199 2555 ——-
2233 2550 2309 2575 —,

339 2600 454 2645 εἶναι
487 2598 620 2644 αύτόν
646 2597 941 2658 Ἰδανθύρσου
974 2626 1033 2631 -
1067 2626 1126 2632 -
1160 2603 1352 2658 πάτρων,
1385 2602 1525 2645 παῖδα
1559 2602 1608 2645 δὲ
1641 2601 1756 2645 εἶναι
1790 2604 1993 2661 Γνούρου
2029 2630 2101 2645 -.
2136 2604 2202 2652 lv,
2231 2606 2304 2650 95,

332 2680 408 2731 Ὡς
449 2708 511 2715 ——
543 2680 633 2737 ε’γιῠ
667 2683 964 2737 πυνθάνομαι
997 2685 1084 2725 τῶν
1117 2708 1177 2714 -
1209 2708 1268 2715 -
1298 2680 1532 2737 Ἑλλήνων
1565 2710 1625 2716 -
1660 2710 1737 2737 --,
1770 2687 1848 2728 τόν
1882 2686 2118 2739 Ζάλμοξιν
2151 2711 2209 2717 -
2247 2711 2307 2717 -

444 2795 478 2839 ²)
507 2794 581 2830 cfr.
621 2794 729 2842 etiam
768 2794 1017 2829 Hei-mannum
1056 2794 1093 2828 in
1134 2794 1316 2839 Vigerum,
1353 2806 1461 2840 pagg.
1497 2794 1588 2838 892,
1624 2795 1721 2840 8933
1749 2797 1970 2839 Wendtium,
1997 2810 2107 2844 pagg.
2143 2796 2206 2838 24,
2235 2796 2307 2840 25,

337 2857 588 2902 Ebhardtium,
616 2869 724 2906 pagg.
753 2854 791 2901 2,
821 2855 858 2897 3.
906 2857 1012 2907 Apud
1047 2856 1251 2894 Ciceronem
1285 2869 1427 2905 quoque
1453 2857 1629 2906 ejusmodi
1662 2859 1940 2897 constructionis
1979 2859 2143 2908 exempla
2182 2860 2308 2909 depre-

336 2921 556 2964 henduntur,
586 2921 631 2956 de
656 2920 724 2957 off.
753 2921 781 2963 1,
810 2919 847 2964 7,
875 2920 938 2964 22,
967 2943 1016 2950 —
1045 2924 1166 2965 atque,
1191 2924 1235 2956 ut
1252 2921 1377 2965 placet
1405 2920 1550 2964 Stoicis,
1576 2934 1672 2966 quae
1697 2925 1740 2959 in
1767 2926 1876 2960 terris
1891 2926 2114 2969 gignantur,
2133 2925 2185 2959 ad
2199 2936 2305 2960 usum

337 2983 524 3021 hominum
563 2983 687 3021 omnia
726 2983 858 3027 creari,
897 2982 1057 3020 homines
1095 2984 1216 3020 autem
1254 2982 1440 3032 hominum
1475 2993 1613 3021 caussa
1646 2995 1722 3023 esse
1745 2989 1950 3033 yeneratos,
1977 2988 2022 3023 ut
2045 2986 2120 3033 ipsi
2146 2986 2244 3023 inter
2269 2996 2309 3023 se

337 3047 427 3083 aliis
466 3047 536 3083 alii
566 3046 741 3092 prodesse
771 3050 931 3092 possent.
967 3046 1011 3081 de
1045 3046 1134 3093 Rep.
1171 3046 1198 3088 I,
1228 3044 1290 3088 37,
1319 3044 1381 3081 58.
1439 3046 1494 3090 Si,
1521 3051 1565 3083 ut
1594 3047 1730 3087 Graeci
1758 3052 1899 3094 dicunt,
1926 3061 2048 3087 omnes
2074 3053 2142 3087 aut
2171 3049 2309 3087 Graios

336 3120 413 3146 esse
440 3112 509 3145 aut
534 3109 722 3152 barbaros,
748 3119 872 3145 vereor
897 3120 943 3145 ne
970 3109 1208 3145 barbarorum
1235 3118 1300 3144 rex
1317 3109 1449 3154 suerit.

459 3181 577 3214 Lunds
601 3180 698 3214 Univ.
723 3172 900 3215 Arsskrift.
945 3181 1042 3215 Tom.
1068 3181 1104 3214 V.
2168 3187 2188 3215 8
