2941 3765
919 945 1200 994 δια-πίη-
1233 944 1624 994 commentationis.

288 1052 344 1089 De
370 1051 536 1087 universa
561 1052 737 1089 Herodoti
771 1052 932 1089 oratione
971 1079 1955 1090 ..........................
1983 1065 2093 1102 pagg.
2138 1052 2254 1090 1—2.

288 1114 541 1152 Anaooluthon
567 1128 641 1163 quo
667 1115 773 1152 modo
801 1115 849 1152 eit
874 1114 1113 1152 definiendum
1139 1119 1177 1152 et
1203 1116 1248 1153 ab
1273 1115 1352 1153 aliis
1378 1114 1561 1152 nonnullis
1586 1113 1713 1163 figuris
1739 1115 1962 1165 distinguen-

393 1176 479 1213 dum
505 1179 542 1213 et
567 1177 607 1213 in
633 1189 767 1225 genera
795 1176 1068 1213 describendum
1088 1204 2063 1224 .........................
2140 1177 2256 1216 2—7.

287 1240 459 1277 Fontium
485 1240 706 1276 enumeratio
734 1267 2057 1287 ..................................
2138 1243 2254 1280 7-8.

288 1303 343 1340 ΒΘ
370 1302 585 1339 nominativi
611 1315 712 1339 casus
737 1302 960 1340 anacoluthis
977 1330 2056 1350 ............................
2111 1304 2255 1343 9-18.

289 1365 345 1402 ΒΘ
371 1365 531 1413 genetivi
652 1394 674 1409 ‚‚
834 1394 856 1409 ,‚
977 1392 2059 1412 ............................
2195 1367 2255 1405 18.

288 1429 344 1465 ΒΘ
372 1427 484 1464 dativi
650 1455 671 1471 ‚,
830 1456 853 1472 ‚‚
974 1453 2055 1475 ............................
2085 1429 2255 1468 19—21.

289 1491 343 1528 De
371 1490 560 1527 accusativi
649 1519 672 1533 ‚,
833 1519 857 1534 ‚,
977 1518 2056 1537 ............................
2083 1491 2253 1530 21-22.

289 1553 343 1590 ΒΘ
369 1553 511 1601 generis
537 1555 574 1588 et
600 1552 739 1589 numeri
765 1553 990 1590 anacoluthis
1008 1581 2056 1600 ...........................
2083 1553 2253 1591 23-27,

289 1616 342 1652 ΒΘ
371 1615 623 1651 enunciatione
648 1615 811 1651 absoluta
836 1628 903 1663 pro
928 1617 1106 1652 locutione
1133 1615 1355 1664 dependente
1390 1642 2054 1660 .................
2083 1615 2252 1651 27-34.

289 1681 344 1717 ΒΘ
373 1679 553 1715 locutione
580 1682 705 1716 contra
729 1679 935 1715 institutum
962 1681 1147 1716 consilium
1173 1680 1221 1716 ad
1246 1691 1359 1715 unum
1383 1683 1522 1716 tantum
1549 1692 1595 1716 ex
1621 1680 1761 1717 duobus
1788 1680 1962 1716 membris

392 1740 505 1777 relata
546 1768 2055 1788 .......................................
2082 1740 2252 1778 34—39.

287 1806 342 1841 De
368 1804 547 1840 locutione
573 1809 697 1841 contra
722 1805 865 1840 initium
891 1806 938 1841 ad
963 1806 1115 1842 alterum
1141 1819 1283 1854 quoque
1309 1807 1509 1843 membrum
1535 1806 1702 1842 traducta
1716 1833 2057 1850 .........
2085 1805 2255 1842 39—41.

287 1870 341 1907 De
367 1866 546 1905 infinitivo
571 1867 768 1904 locutiones
795 1863 851 1915 ὥς
876 1865 1047 1919 λέγουσι,
1076 1864 1130 1916 ὥς
1155 1865 1417 1919 πυνθάνομαι
1445 1871 1617 1916 sequente
1646 1896 2055 1914 ...........
2084 1867 2255 1906 41-42.

287 1933 342 1969 ΒΘ
368 1930 547 1966 locutione
573 1930 788 1978 participiali
814 1943 858 1966 ex
884 1931 1130 1978 parenthetica
1155 1932 1333 1968 sententia
1356 1931 1535 1980 pendente
1555 1958 2054 1976 .............
2082 1930 2253 1967 42—43.

287 1996 342 2034 De
368 1993 585 2031 secundariis
610 1993 783 2030 orationis
809 1994 971 2042 partibus
996 2007 1018 2031 a
1043 1994 1221 2043 primariis
1247 1994 1426 2032 destitutis
1441 2022 2056 2040 ................
2085 1994 2255 2041 43-46,

287 2061 341 2097 De
367 2057 570 2106 epanalepsi
605 2084 2053 2102 ......................................
2081 2057 2252 2094 46-49.

287 2122 342 2160 ΒΘ
366 2118 544 2170 particula
569 2114 616 2158 δέ
639 2118 846 2167 primariam
873 2119 1157 2158 enunciationem
1184 2123 1377 2169 occupante
1403 2148 2051 2166 .................
2080 2118 2251 2157 50-53,

287 2185 341 2221 ΒΘ
366 2182 541 2231 particula
568 2182 613 2219 τὲ
637 2182 800 2218 similiter
824 2187 996 2230 usurpata
1011 2209 2058 2228 ...........................
2087 2183 2255 2220 53-54.

286 2248 343 2283 ΒΘ
368 2245 532 2282 abnormi
557 2257 625 2280 usu
649 2245 845 2292 particulae
871 2244 946 2296 γάρ
974 2273 2054 2291 ............................
2082 2246 2253 2283 54-55,

287 2309 342 2347 ΒΘ
367 2306 549 2345 infinitivo
573 2310 654 2356 post
679 2307 872 2356 particulas
898 2304 962 2347 ὅτι
989 2312 1026 2346 et
1050 2304 1106 2356 ὥς
1138 2334 2051 2355 ........................
2081 2307 2251 2346 55—56.

288 2374 343 2409 ΒΘ
367 2371 531 2408 abnormi
558 2383 686 2406 vocum
712 2372 919 2419 negantium
947 2384 1015 2407 usu
1050 2398 2052 2416 ..........................
2187 2372 2251 2408 56.

288 2438 344 2473 ΒΘ
370 2449 443 2472 uno
469 2447 514 2471 ex
540 2434 679 2470 duobus
704 2434 800 2471 inter
825 2448 862 2471 se
888 2436 1186 2483 respondentibus
1213 2436 1380 2472 membris
1405 2436 1451 2472 ab
1477 2435 1591 2471 altero
1619 2435 1793 2472 destituto
1828 2465 2053 2480 ......
2082 2436 2252 2473 56—60.

289 2499 343 2539 ΒΘ
368 2499 482 2538 altera
507 2510 552 2536 ex
578 2495 828 2544 locutionibus,
857 2497 980 2547 quales
1005 2500 1091 2536 sunt
1117 2493 1140 2538 ὃ
1164 2494 1238 2550 μὲν
1263 2522 1315 2528 -
1341 2493 1364 2538 ὁ
1389 2494 1446 2549 δέ,
1465 2500 1585 2538 τοῦτο
1601 2493 1675 2548 μὲν
1691 2521 1744 2527 -
1765 2501 1884 2539 τοῦτο
1901 2495 1959 2551 δέ,

396 2564 441 2599 ab
467 2563 585 2598 altera
610 2562 782 2598 destituta
811 2588 2054 2608 ...............................
2082 2563 2251 2600 60—63.

289 2629 345 2666 ΒΘ
370 2626 526 2664 transitu
551 2637 574 2660 a
599 2624 1020 2675 duorumwmembrorum
1046 2625 1294 2673 conjunctione
1319 2625 1366 2662 ad
1391 2624 1651 2673 oppositionem
1672 2653 2055 2671 ..........
2083 2625 2253 2665 63-65,

288 2692 343 2729 ΒΘ
369 2690 527 2728 transitu
554 2701 576 2726 a
600 2688 752 2725 duorum
780 2690 1020 2726 membrorum
1046 2689 1267 2739 oppositione
1293 2687 1339 2725 ad
1364 2687 1651 2737 conjunctionem
1667 2715 2056 2736 ..........
2083 2689 2253 2727 65-66.
