2941 3765
917 320 965 353 De
988 319 1197 354 anacoluthis
1218 319 1433 353 Herodoteis.
2111 300 2163 340 ⁴9

327 425 415 471 Jam
465 441 585 486 porro
634 427 821 473 Dativus
862 429 1095 485 participii
1143 429 1472 482 constructione,
1518 439 1626 483 quae
1659 426 1864 481 sequitur,
1896 428 2164 481 repuynante

203 512 454 562 usurpatur.
519 507 597 550 Ku.
631 512 656 560 S
691 511 794 550 683.

327 587 459 631 Etiam
491 587 568 631 hoc
600 588 931 636 anacoluthorum
963 603 1095 647 genus
1128 589 1183 634 ita
1215 588 1497 649 explicandum
1520 594 1593 639 est,
1620 594 1666 632 ut
1687 584 2024 646 permutationem
2045 585 2164 631 locu-

205 667 360 712 tionum
394 668 499 712 idem
532 667 841 726 significantium
874 685 963 714 esse
998 677 1242 715 statuamus.
1308 670 1430 730 Apud
1465 667 1714 712 Herodotum
1748 666 1852 711 duos
1875 673 2033 711 tautum
2057 666 2165 711 locos

203 748 349 799 inveni,
401 763 505 806 quos
546 746 596 791 ad
639 747 714 792 hoe
745 764 874 808 genus
911 750 1002 808 jure
1047 750 1252 795 retuleris:
1286 751 1353 802 lv,
1398 747 1497 801 447,
1533 749 1801 808 προσσχόντι
1836 746 1881 790 δὲ
1917 746 2000 791 εἴτε
2033 748 2090 805 δή
2122 748 2166 793 οἳ

205 825 235 885 ἡ
278 829 408 885 χώρη
458 825 603 886 ἤρεσε,
647 827 727 871 εἴτε
767 833 839 872 καὶ
881 827 1033 879 ἄλλως
1073 826 1271 888 ἠθέλησε
1305 832 1493 887 ποιῆσαι
1527 829 1670 881 τοῦτο,
1705 827 1962 869 καταλείπει
1995 829 2085 884 γάρ
2118 827 2165 871 ἐν

204 911 258 966 τῇ
291 910 414 967 νήσῳ
448 936 522 951 -.
557 908 642 959 Kr.,
677 909 741 953 cui
773 909 928 969 Stegeri
960 912 1189 971 conjectura
1222 907 1291 969 ἄρ’
1325 910 1371 954 ἐν
1405 924 1478 969 pro
1510 911 1599 965 γάρ
1633 906 1680 950 ἐν
1713 922 1795 951 non
1818 907 2026 967 displicere
2047 909 2165 954 vide-

204 996 285 1040 lur,
329 990 457 1040 docet,
492 989 744 1049 participium
776 995 1041 1048 προσσχόντι
1074 993 1268 1036 vocabulo
1301 993 1345 1035 οἱ
1378 991 1609 1050 appositum
1642 1005 1744 1039 esse,
1781 1005 1909 1047 quum
1942 989 1993 1033 ad
2027 1006 2166 1032 κατα-

203 1156 376 1205 exemplis
420 1156 575 1204 Graecis,
619 1167 710 1204 quae
753 1156 846 1193 infra
887 1156 1096 1202 afferuntur,
1141 1161 1182 1194 ut
1226 1156 1297 1194 Cic.
1343 1156 1435 1193 Phil.
1474 1156 1537 1200 111,
1581 1153 1643 1199 14,
1686 1153 1757 1199 363
1798 1167 1854 1203 pr.
1883 1153 1973 1191 Sest.
2008 1152 2073 1196 24,
2094 1151 2165 1196 543

204 1220 308 1255 Rosc.
348 1220 430 1255 Am.
466 1217 504 1262 2,
540 1217 585 1262 63
612 1217 656 1253 ‹le
682 1217 742 1253 Or.
770 1219 816 1262 Π,
842 1217 904 1262 23,
933 1218 1003 1264 94;
1049 1221 1117 1256 Liv
1151 1220 1354 1259 XXXVIII.
1384 1220 1457 1263 543
1486 1220 1584 1255 Caes.
1612 1220 1657 1255 D.
1686 1220 1728 1254 B.
1759 1220 1803 1254 G.
1834 1219 1911 1261 VII,
1941 1218 1985 1261 43
2014 1216 2164 1261 Quintil.

204 1284 292 1318 Inst.
332 1286 423 1318 orat.
450 1282 479 1324 Ι,
508 1280 545 1323 3,
576 1279 611 1318 1.
664 1282 783 1327 Atque
821 1282 865 1317 de
903 1283 1039 1318 ratione
1066 1283 1280 1320 Graecorum
1307 1283 1365 1319 adi
1392 1283 1459 1319 Kr.
1487 1283 1515 1325 I,
1545 1280 1608 1325 47,
1637 1280 1675 1325 4,
1704 1279 1751 1325 2,
1778 1282 1823 1324 Π,
1852 1279 1916 1324 47,
1943 1279 1979 1323 4,
2009 1278 2053 1324 1;
2080 1279 2123 1315 R.
2149 1283 2168 1324 5

208 1343 295 1388 131,
325 1343 361 1387 2,
389 1343 473 1380 adn.
501 1341 547 1387 23
574 1343 644 1382 Ku.
672 1348 690 1388 ἓ
716 1341 813 1388 681;
840 1344 968 1380 Matth.
997 1350 1014 1390 5
1040 1343 1137 1390 561;
1164 1344 1206 1381 Β.
1233 1358 1317 1393 pag.
1345 1342 1435 1381 474.

309 1407 463 1456 Propter
502 1405 576 1443 vim
616 1409 652 1442 et
691 1410 867 1450 naturam,
901 1419 1006 1455 quam
1041 1408 1261 1446 anacoluthis
1287 1420 1396 1456 supra
1421 1408 1545 1452 tribui,
1573 1408 1670 1444 hunc
1696 1407 1855 1454 genetivi
1881 1406 2034 1442 absoluti
2060 1417 2165 1441 usum

203 1471 250 1506 ad
289 1470 503 1506 anacolutha
541 1482 614 1505 non
641 1470 865 1505 referendum
890 1482 964 1506 esse
996 1475 1096 1518 puto.
1151 1472 1287 1507 Contra
1311 1472 1419 1518 hujus
1444 1475 1646 1506 structurae
1673 1483 1797 1506 caussa
1823 1470 1860 1504 in
1888 1470 1964 1517 ipsa
1990 1468 2167 1504 sententia

203 1533 322 1581 posita
356 1545 431 1568 esse
457 1532 544 1568 mihi
571 1532 725 1568 videtur.
780 1532 938 1580 scriptor
964 1534 1056 1569 enim
1084 1534 1287 1581 genetivum
1315 1534 1381 1570 hoc
1409 1534 1516 1569 modo
1542 1545 1719 1580 usurpans
1745 1531 1933 1579 significat,
1960 1523 2167 1580 participia-

204 1597 275 1632 lem
307 1598 446 1644 partem
479 1609 501 1632 a
525 1595 698 1646 primaria
723 1595 979 1631 enunciationis
1004 1600 1105 1643 parte
1131 1599 1248 1632 mente
1275 1609 1349 1632 esse
1376 1597 1665 1644 distinguendam
1691 1596 1715 1631 l.
1742 1608 1817 1631 rem
1844 1596 1882 1630 in
1909 1607 1951 1631 ea
1977 1594 2165 1638 contineri,

204 1658 243 1693 in
275 1670 383 1705 quam
416 1658 639 1705 potissimum
672 1658 781 1693 animi
807 1658 998 1704 legentium
1025 1659 1251 1694 convertendi
1277 1660 1359 1695 sint.
1407 1659 1483 1695 Cfr.
1511 1659 1746 1706 Madvigium,
1773 1664 1791 1703 5
1819 1657 1907 1701 181,
1940 1657 2024 1693 adn.
2057 1657 2096 1701 6,
2128 1661 2168 1693 et

204 1721 408 1759 Abichtium
432 1721 471 1758 in
498 1721 576 1766 VII,
604 1719 692 1758 237.
746 1719 886 1769 Optime
911 1720 976 1757 hac
1002 1720 1045 1757 de
1071 1733 1110 1757 re
1136 1720 1304 1758 disseruit
1327 1721 1560 1758 Wentzelius:
1589 1721 1704 1760 Probe
1734 1721 1893 1768 quidem,
1923 1719 2054 1768 iuquit,
2080 1720 2167 1765 scio,

200 1786 459 1832 qrammaticos
485 1785 536 1821 ad
560 1785 655 1821 hanc
680 1786 975 1821 constructionem
1001 1786 1258 1830 expediendam
1282 1806 1332 1813 —
1352 1786 1404 1821 ad
1419 1787 1572 1831 aliquod
1587 1796 1705 1831 yenus
1724 1786 1939 1820 anacolutlzi
1956 1786 2168 1829 consuyere‚

207 1850 375 1892 dicentes,
414 1850 606 1894 scriplores
645 1849 906 1885 antecedentem
945 1852 1011 1885 aut
1042 1853 1243 1894 sequentem
1277 1861 1401 1886 casum
1435 1850 1588 1895 subJecti
1622 1851 1722 1886 ultro
1748 1850 1964 1895 neyleoessse,
1990 1848 2056 1885 sed
2080 1848 2168 1886 haec

205 1912 485 1949 constructionis
517 1913 676 1948 variatio
709 1911 844 1947 nititur
876 1911 1038 1947 libertate
1071 1915 1105 1948 ct
1135 1912 1337 1948 subtilitate
1363 1912 1516 1958 linquae
1545 1909 1722 1955 Graecae,
1748 1923 1824 1957 qua
1855 1910 1991 1948 Graeci
2017 1911 2070 1955 id,
2097 1922 2168 1957 quo

204 1976 404 2020 subjectum
445 1974 497 2010 ad
530 1974 713 2019 ayendum
740 1978 975 2020 provocatum
1009 1979 1060 2012 est
1085 1977 1139 2012 vel
1164 1977 1206 2011 in
1231 1979 1333 2012 statu
1359 1977 1515 2022 quodam
1541 1979 1724 2020 versatur,
1751 1979 1818 2013 aut
1844 1977 1991 2013 omnino
2019 1979 2169 2021 tempus,

205 2040 249 2074 in
288 2038 386 2083 quod
423 2038 518 2074 actio
557 2038 736 2082 quaedam
776 2039 886 2082 cadit,
927 2049 991 2075 seu
1029 2050 1098 2084 quo
1124 2039 1376 2085 praeter-lapso
1403 2040 1498 2077 actio
1524 2040 1704 2085 quaedam
1729 2040 1946 2086 suscipitur,
1970 2039 2168 2085 manifesto

204 2101 475 2146 significarunt.
515 2099 568 2135 De
594 2100 765 2147 genitivis
791 2104 829 2136 et
854 2100 981 2136 dativis
1006 2101 1148 2148 linguae
1174 2113 1332 2148 graecae,
1361 2114 1450 2148 quos
1476 2102 1658 2137 absolutos
1685 2105 1827 2137 vocant.
1858 2102 2009 2137 Dissert.
2028 2101 2166 2149 inaug„

207 2164 439 2200 Vratislaviae
478 2162 593 2207 1828,
627 2177 710 2211 pag.
747 2163 807 2200 28.
861 2165 957 2209 Quae
992 2164 1207 2201 constructio
1249 2178 1360 2212 quum
1395 2169 1600 2213 usurpatur,
1637 2165 1823 2212 genetivus
1855 2165 1932 2201 abs,
1967 2165 2170 2213 saepissime

204 2230 290 2263 ante
328 2229 466 2274 partem
505 2226 763 2263 enunciationis
796 2227 1001 2274 primariam
1037 2227 1097 2263 sed
1123 2227 1228 2263 etiam
1254 2232 1335 2274 post
1360 2231 1403 2264 ut
1428 2229 1457 2271 I,
1488 2226 1585 2272 1783
1612 2228 1657 2271 Π,
1688 2226 1784 2272 1343
1811 2228 1875 2274 IX,
1905 2226 1968 2271 58,
2009 2228 2169 2275 ponitur.

159 2330 165 2337 ,
206 2290 265 2327 Ex
303 2291 358 2326 tot
396 2288 483 2325 locis
521 2288 591 2325 huc
623 2289 884 2337 pertinentibus
910 2290 996 2326 haec
1021 2292 1158 2325 tantum
1185 2289 1347 2338 exempla
1372 2289 1500 2325 afferre
1527 2290 1613 2326 satis
1638 2290 1752 2326 visum
1777 2293 1843 2333 est,
1871 2290 1933 2326 ubi
1967 2290 2169 2337 subjectum

204 2351 319 2400 partis
344 2350 576 2399 participialia
601 2353 664 2387 aut
690 2364 896 2399 expressum
922 2356 985 2387 aut
1010 2352 1291 2399 intelligendum,
1320 2355 1361 2387 ut
1386 2353 1415 2395 Ι,
1444 2351 1489 2397 3;
1517 2354 1597 2396 VH,
1625 2352 1689 2395 23,
1719 2353 1757 2387 in
1783 2356 1885 2399 parte
1903 2353 2169 2388 enunciationis

206 2414 377 2462 primaria
402 2413 577 2460 repetitur
602 2426 668 2460 per

312 2475 353 2525 1)
378 2475 662 2514 Nominativum:
688 2477 716 2525 1,
745 2476 808 2524 90,
836 2499 886 2506 —
913 2473 1176 2531 ἀναρτημένου
1202 2479 1271 2516 σεῦ
1288 2499 1339 2504 -
1358 2498 1405 2504 --
1427 2500 1477 2504 —
1493 2474 1648 2530 χρηστοὶ
1666 2471 1762 2528 ἔργα
1779 2473 1850 2514 καὶ
1869 2470 1973 2514 ἔπεα
1992 2473 2167 2523 ποιέειν,

207 2535 323 2578 αἶ’τεο
350 2537 479 2578 δόσιν.
532 2541 561 2584 Ι,
590 2540 653 2585 96,
679 2536 845 2579 Ἐόντων
874 2564 919 2569 -
948 2537 1174 2589 αὐτονόμων
1200 2538 1365 2578 πάντων
1391 2564 1437 2569 -
1461 2564 1513 2569 —
1530 2564 1591 2578 .—
1609 2538 1652 2586 ἐς
1668 2537 1908 2590 τυραννίδας
1926 2538 2169 2591 περιῆλθον.

206 2605 236 2648 1,
277 2603 365 2647 178,
393 2600 530 2642 κέεται
566 2602 804 2653 (Βαβυλών)
839 2601 881 2643 ἑν
907 2601 1039 2654 πεδίῳ
1062 2599 1233 2653 μεγάλῳ,
1261 2599 1445 2653 μέγαθος
1471 2599 1593 2643 ἑοῖ-σα
1619 2599 1811 2652 μέτωπον
1837 2598 2009 2651 ἕκαστον
2035 2596 2168 2641 εἴκοσι

207 2663 277 2707 καὶ
316 2661 461 2705 ἑκατὸν
500 2662 690 2716 σταδίων,
731 2661 871 2721 ἐοίσης
909 2662 1162 2718 τετραγώνου.
1214 2664 1280 2701 Hic
1313 2665 1553 2702 anacoluthon
1588 2668 1747 2702 statuere
1781 2669 1905 2702 amant
1939 2665 2168 2714 interpretes,

206 2744 254 2767 ex
279 2730 411 2778 quibus
436 2731 505 2766 Ab.
535 2730 718 2766 Herodoto
744 2731 969 2766 obversatum
995 2741 1070 2764 esse
1096 2731 1166 2779 τῆς
1191 2725 1279 2766 ἐστὶ
1306 2726 1500 2776 μέτωπον
1515 2725 1687 2767 ἕκαστον
1705 2726 1780 2768 εἶκ.
1799 2743 1835 2767 κ.
1854 2725 1911 2767 ἑκ.
1932 2726 2111 2775 στάδιοι,
2130 2733 2170 2764 ut

207 2794 253 2838 Π,
296 2792 385 2836 124,
426 2795 540 2841 putat.
595 2794 719 2841 Neque
757 2796 876 2830 tamen
917 2792 963 2828 ad
987 2791 1222 2828 anacoluthon
1255 2790 1322 2827 hoc
1348 2790 1427 2827 loco
1459 2792 1653 2839 confugere
1680 2805 1770 2840 opus
1796 2796 1862 2836 est,
1897 2795 1934 2828 et
1960 2792 2170 2840 genetivum

205 2856 407 2891 absolutum
445 2856 514 2891 Ku.
554 2857 579 2891 l.
613 2857 638 2892 l.
680 2860 776 2892 recte
809 2855 962 2902 agnovit.
1023 2854 1140 2900 Hujus
1170 2853 1239 2888 loci
1271 2853 1453 2899 quandam
1486 2854 1595 2890 habet
1630 2855 1901 2891 similitudinem
1936 2855 1983 2897 Π,
2021 2853 2083 2898 15,
2119 2877 2169 2883 -

201 2914 339 2957 Ἰώνων
364 2941 427 2966 —,
456 2916 501 2957 οἵ
533 2931 639 2972 φασι
668 2942 717 2948 -
745 2941 795 2947 -
821 2915 1001 2969 λέγοντες
1025 2939 1076 2945 -
1102 2939 1152 2944 —-
1180 2911 1374 2966 λεγόντων
1392 2940 1442 2944 -
1461 2941 1525 2955 -.
1552 2917 1598 2963 H,
1621 2916 1709 2963 111,
1729 2919 1800 2956 τοῦ
1818 2919 2007 2966 ποταμοῦ
2024 2914 2170 2955 κατελ-

208 2978 359 3025 θόντος
387 3002 437 3008 -
466 3002 515 3008 —
541 2978 738 3032 κυματίης
763 2978 785 3019 ὁ
802 2978 997 3028 ’ποταμὸς
1023 2975 1189 3027 ἐγένετο.
1215 2979 1260 3021 V,
1289 2978 1352 3021 81,
1379 2979 1698 3031 Πειρησαμένων
1726 3003 1775 3008 -—
1803 2984 1882 3018 τῶν
1908 2977 2102 3031 Θηβαίων
2121 3002 2170 3008 -

210 3065 261 3071 -—
287 3064 338 3070 —
365 3038 435 3080 καὶ
464 3040 638 3094 τρηχέως
672 3039 978 3095 περιεφθέντων
1004 3063 1053 3070 -
1081 3063 1132 3069 -
1158 3063 1210 3069 -
1239 3062 1283 3068 -
1313 3035 1352 3078 οἶ
1383 3040 1561 3094 Θηβαῖοι
1591 3040 1833 3094 πέμψαντες
1861 3065 1909 3072 -
1939 3065 1988 3072 -
2016 3037 2168 3081 ἀπεδί-

207 3104 347 3144 δοσαν.

2013 3180 2050 3211 3.
