2941 3765
610 323 665 368 40
1438 342 1471 374 s.
1499 343 1537 374 E.
1561 342 1748 375 Melanaer.

604 455 680 492 καὶ
727 454 805 492 τοῦ
848 448 1191 506 Ἑλλησπόντου,
1241 451 1310 493 ubi
1350 452 1546 495 articulus
1579 465 1742 510 quoque
1774 450 2000 498 communis
2033 449 2164 492 factus
2197 455 2271 492 est.
2337 448 2573 506 Sequantur

606 531 654 581 V,
702 530 772 581 42,
821 526 872 586 ἧν
916 546 958 573 τε
992 525 1045 573 οὗ
1079 530 1302 589 φρενήρης
1334 528 1599 590 ἀκρομανής
1628 547 1685 573 τε.
1750 531 1779 580 Ι,
1817 531 1888 579 22,
1928 556 1985 562 —-
2021 527 2132 570 ἰδών
2164 544 2204 571 τε
2241 531 2393 586 σωρόν
2425 534 2573 583 μέγαν

605 616 725 654 σίτου
758 616 1007 666 κεχυμένον
1040 614 1115 653 καὶ
1147 613 1248 660 τούς
1280 607 1557 669 ἀνθρώπους
1588 610 1635 654 ἐν
1669 606 1933 666 έῦπαθείῃσι
1967 608 2128 657 ἐόντας.
2193 609 2221 659 Ι,
2265 611 2364 659 405,
2400 636 2462 642 -—
2495 609 2572 651 λέ-

604 696 740 747 γουσί
784 706 824 734 τε
876 718 939 724 —-
983 719 1043 725 —
1079 689 1155 734 ὃιιέ
1188 694 1315 735 τοῦτο
1351 707 1490 747 σφεας
1523 698 1707 744 νοσέειν,
1742 695 1815 734 καὶ
1849 688 1963 748 ὁρᾶν
1996 715 2053 722 -
2090 691 2190 738 τούς
2221 684 2575 745 ἀπικνεομένους

606 799 666 805 —
701 799 776 814 —.
843 770 891 815 H.
927 771 952 815 l.
986 770 1216 816 Herodotus
1248 774 1428 828 λέγουσι
1463 772 1525 816 alii
1558 771 1682 816 verbo
1714 771 1975 831 oppositurus
2008 770 2058 814 ad
2090 785 2179 814 eam
2212 770 2451 814 sententiam
2473 785 2572 814 ora-

605 853 755 899 tionem
796 851 976 905 deduxit,
1019 864 1143 911 quam
1184 851 1386 913 expressit
1419 851 1496 898 Ab.
1540 851 1625 898 Die
1658 850 1846 910 Skythen
1879 849 2109 906 berichten,
2141 850 2246 896 dasz
2279 864 2357 896 aus
2394 850 2472 896 der
2505 865 2573 896 er-

606 934 810 977 wc‘thnten
866 933 1058 976 Ursache
1091 933 1222 976 sowol
1251 934 1315 976 sie
1350 934 1470 988 (dort
1502 934 1549 977 in
1582 933 1835 990 Ραῑᾱείιιια)
1869 931 2008 976 krank
2040 931 2231 985 wardan,
2263 930 2330 976 als
2363 930 2472 976 auch
2504 931 2573 976 die

605 1014 853 1058 Reisenden
902 1013 969 1055 bei
1017 1014 1147 1055 ihnen
1198 1014 1268 1068 (in
1315 1014 1454 1057 ihrem
1504 1013 1683 1069 Laude)
1734 1013 1802 1056 die
1849 1015 2141 1069 soqenannten
2190 1010 2372 1071 ἐναρέας
2407 1010 2573 1067 finden.

605 1095 755 1138 Durior
800 1094 962 1151 quidem
1004 1095 1101 1135 haec
1144 1094 1385 1151 permutatio
1418 1094 1577 1137 videtur
1610 1095 1638 1144 Ι,
1682 1097 1779 1143 1153,
1802 1081 1875 1125 ⁶——
1911 1089 1989 1134 ἐπ’
2023 1092 2099 1140 οὓς
2132 1092 2277 1148 ἐπεῖχέ
2307 1108 2349 1134 τε
2386 1105 2574 1150 στρατη-

606 1177 780 1219 λατέειν
822 1170 961 1225 οὗτος,
999 1173 1068 1216 ἐπὶ
1103 1174 1148 1216 δὲ
1170 1172 1331 1223 Ἴωνας
1363 1174 1507 1218 ἄλλον
1539 1182 1736 1230 πέμπειν
1770 1173 2028 1234 στρατηγόν.
2094 1175 2168 1218 Est
2201 1182 2334 1217 tamen
2369 1173 2428 1216 vis
2461 1173 2574 1217 verbi

605 1256 748 1313 ἐπεῖχε
789 1261 932 1298 contra
972 1254 1183 1298 consilium
1229 1254 1459 1300 institutum
1504 1255 1555 1299 ad
1587 1256 1757 1301 alterum
1791 1271 1954 1315 quoque
1988 1255 2215 1299 membrum
2249 1252 2319 1297 ἐπὶ
2341 1251 2499 1302 Ἴωνας
2531 1249 2573 1296 ἆ.

607 1354 653 1380 π.
704 1350 743 1379 σ.
793 1335 992 1380 traducta.
1059 1334 1242 1379 Alterum
1293 1336 1416 1395 hujus
1449 1337 1620 1396 exempli
1653 1338 1921 1382 anacoluthon
1955 1352 2030 1381 suo
2062 1335 2148 1379 loco
2180 1334 2574 1379 commemorabitur.

608 1418 636 1469 l,
695 1419 795 1468 1188,
847 1442 908 1448 —
953 1414 1108 1471 ἔχοντά
1148 1431 1190 1458 τε
1236 1417 1312 1459 τοῦ
1354 1418 1519 1474 πατρὸς
1551 1419 1627 1461 τοῦ
1660 1416 1828 1461 gamzo&
1862 1414 2060 1479 τοξὶνομιι
2092 1416 2355 1471 Λαβυνήτου
2389 1419 2464 1458 καὶ
2496 1417 2576 1471 την

600 1493 845 1556 Ἀσσυρίων
887 1492 1041 1553 ἀρχήν.
1107 1495 1153 1546 ΙΙ,
1208 1496 1273 1547 12,
1311 1522 1371 1527 -
1406 1494 1517 1539 ἰδών
1551 1511 1591 1540 τε
1628 1498 1707 1555 την
1739 1496 1968 1553 Αἴγυπτον
2001 1522 2060 1528 -
2097 1522 2156 1527 -
2190 1521 2266 1548 —,
2299 1493 2364 1540 cui
2398 1509 2574 1553 respon-

607 1576 703 1619 dere
745 1577 859 1636 προς
901 1576 947 1617 δὲ
990 1600 1051 1606 -
1094 1577 1171 1633 την
1216 1575 1442 1632 Αἴγυπτον
1476 1600 1537 1607 -
1571 1583 1678 1621 recte
1711 1575 1992 1622 animadvertit
2025 1574 2113 1628 Lb„
2149 1574 2219 1636 qui
2251 1573 2402 1627 statuit,
2438 1573 2573 1620 Hero-

608 1658 703 1700 doto
752 1657 863 1699 ἰδαὶν
911 1672 954 1697 τι·
1005 1657 1194 1698 scribenti
1235 1657 1497 1699 obversatum
1540 1671 1630 1699 esse
1663 1661 1737 1699 καὶ
1770 1639 2059 1714 σκεψιὲμᾮενος
2090 1655 2114 1700 l.
2150 1655 2277 1700 simile
2308 1655 2418 1716 quid.
2484 1654 2573 1700 Joh.

608 1739 659 1782 ad
702 1741 816 1795 πρός
859 1738 910 1780 δέ
948 1737 1128 1795 intelligit
1163 1736 1286 1778 ἰδών.
1352 1737 1411 1779 De
1451 1738 1514 1780 illo
1551 1746 1594 1780 τέ
1625 1765 1686 1770 —-
1721 1739 1772 1780 δέ
1802 1738 1905 1780 infra
1939 1737 2008 1779 fiet
2040 1738 2236 1797 quaestio.
2303 1738 2366 1788 ΙΙΙ,
2405 1740 2476 1788 61,
2514 1763 2574 1769 —

607 1820 784 1875 μαθών
831 1833 874 1860 τε
924 1820 1001 1860 τόν
1050 1815 1281 1874 Σμέρδιος
1315 1815 1516 1860 θάνατον
1550 1846 1610 1851 -—
1645 1846 1718 1872 -—,
1752 1824 1826 1861 καὶ
1860 1817 1923 1866 (ὗς
1954 1814 2102 1873 ὄλίγοι
2138 1814 2252 1874 ἦσαν
2286 1844 2343 1850 -
2381 1845 2453 1861 -.
2491 1819 2572 1868 Vll,

616 1898 714 1949 497,
768 1895 830 1946 οἷς
877 1896 1041 1939 θύεταί
1085 1913 1126 1940 τε
1176 1895 1405 1954 ἐξηγέοντο
1439 1904 1665 1955 στέμμασι
1699 1901 1786 1948 πᾶς
1817 1898 2066 1948 πυκασθεὶς
2096 1902 2170 1942 καὶ
2204 1896 2267 1947 ὥς
2298 1900 2379 1942 σῠν
2412 1901 2577 1957 πομπῇ

608 1979 828 2035 ἐξαχθείς.
895 1978 1014 2022 Hunc
1055 1978 1186 2023 locum
1229 1979 1383 2023 frustra
1427 1988 1685 2024 tentaverunt
1718 1980 1912 2035 editores3
1949 1981 2020 2024 ΚΡ.
2054 1979 2217 2038 quidem
2251 1977 2313 2026 (ὗς
2343 1978 2505 2021 θύεταί
2532 1995 2576 2022 τε

607 2058 927 2118 circumscripsit
976 2065 1015 2101 et
1062 2056 1275 2114 ἐξήγοντο
1325 2072 1397 2117 pro
1446 2057 1678 2116 ἐξηγέοντο
1703 2060 1754 2104 ,in
1788 2068 2025 2105 contextum
2059 2058 2211 2114 intulit,
2246 2058 2351 2103 idem
2384 2058 2479 2103 illud
2514 2057 2577 2108 (ὃς

608 2148 703 2184 ante
737 2143 819 2183 σῦν
851 2156 896 2182 π.
931 2138 1079 2198 rejecit.
1136 2138 1226 2191 Qua
1258 2141 1550 2198 permutatione
1583 2140 1685 2184 facta
1718 2142 1905 2200 quamvis
1938 2141 2150 2200 expeditus
2185 2140 2256 2184 fiat
2288 2140 2412 2191 locus,
2438 2147 2574 2184 tamen

608 2222 677 2266 vix
727 2220 945 2279 quisquam
989 2219 1060 2275 sit,
1104 2219 1167 2262 cui
1211 2219 1273 2262 illa
1308 2220 1408 2262 ratio
1441 2220 1630 2264 audacior
1663 2229 1701 2264 et
1733 2221 1941 2265 violentior
1974 2236 2056 2264 non
2088 2220 2284 2264 videatur.
2352 2220 2429 2264 Ab.
2463 2236 2574 2280 quo-

609 2317 701 2360 que,
754 2301 793 2343 in
843 2301 961 2359 cujus
993 2307 1231 2343 contextum
1265 2300 1352 2359 ipso
1385 2300 1519 2350 invito,
1558 2309 1601 2344 ut
1634 2316 1682 2344 ex
1717 2301 1973 2345 adnotatione
2004 2302 2091 2360 ejus
2125 2308 2303 2361 apparet,
2340 2299 2574 2357 ἐξηγέοντο

606 2398 683 2442 pro
718 2380 931 2438 ἐξήγοντο
966 2380 1139 2440 irrepsit,
1178 2381 1310 2424 locum
1343 2390 1581 2439 corruptum
1615 2397 1717 2432 esse,
1753 2391 1973 2426 asseverat.
2030 2382 2280 2426 Vocabulum
2315 2390 2450 2426 autem
2474 2381 2575 2437 ἐξη-

604 2469 774 2518 γέοντο,
828 2461 853 2504 i.
903 2475 938 2504 e.
989 2462 1239 2516 docuerunt,
1282 2476 1355 2505 cur
1389 2468 1653 2520 permutetur,
1689 2477 1876 2507 caussam
1911 2461 2096 2521 equidem
2132 2477 2212 2506 non
2246 2461 2417 2513 invenio,
2452 2469 2575 2521 atque

606 2542 759 2603 reliqua
792 2557 839 2586 ea
873 2550 982 2593 sunt,
1018 2557 1123 2602 quae
1157 2541 1462 2603 explicationem
1497 2542 1720 2587 admittant,
1785 2544 1942 2604 Duplex
1976 2544 2082 2589 enim
2116 2550 2178 2588 est
2210 2543 2333 2603 hujus
2366 2543 2436 2588 loci
2471 2557 2576 2588 ana-

605 2625 809 2674 coluthon,
845 2638 973 2682 quum
1008 2631 1047 2666 et
1081 2623 1176 2666 illud
1211 2621 1285 2676 ιῦς,
1321 2622 1430 2682 quod
1465 2623 1627 2666 duobus
1662 2623 1853 2667 membris
1885 2638 2098 2669 commune
2131 2638 2221 2667 esse
2243 2623 2426 2676 debebat,
2455 2638 2576 2684 repe-

606 2712 730 2755 tatur,
767 2720 848 2762 qua
882 2703 932 2747 de
965 2718 1010 2747 re
1045 2704 1119 2747 cfr.
1154 2720 1245 2764 pag.
1281 2704 1353 2755 37,
1389 2712 1428 2748 et
1463 2703 1556 2747 illud
1595 2702 1766 2758 θύεται,
1800 2705 1908 2763 quod
1942 2705 2010 2749 uni
2045 2711 2207 2757 tantum
2238 2705 2418 2749 membro
2442 2705 2577 2765 scrip-

607 2794 671 2830 tor
721 2786 952 2829 tributurus
1002 2793 1100 2835 erat,
1153 2786 1203 2829 ad
1253 2786 1423 2831 alterum
1474 2800 1638 2845 quoque
1682 2784 1821 2830 valeat.
1889 2784 2117 2830 Herodotus
2149 2793 2297 2837 autem,
2333 2786 2486 2846 opinor,
2523 2786 2578 2829 ita

609 2866 838 2925 scripturus
887 2871 973 2908 erat
1022 2864 1084 2914 (ὗς
1133 2868 1293 2909 θύεταί
1339 2883 1380 2909 τε
1433 2865 1666 2924 ἐξηγέοντο
1713 2872 1938 2921 στέμμασι
1983 2869 2070 2914 πᾶς
2111 2868 2359 2915 πυκασθεὶς
2389 2871 2464 2910 καὶ
2498 2869 2579 2909 σῠν

608 2949 775 3003 πομπῇ
807 2946 1022 3001 ἐξάγεται.
1074 2946 1191 2999 Quod
1228 2947 1259 2989 si
1294 2962 1423 2991 unum
1447 2947 1733 2992 immiserimus
1757 2946 2039 2996 anacoluthon,
2065 2946 2370 3006 comprehensio
2394 2946 2450 2990 sic
2473 2961 2577 2991 con-

609 3028 849 3072 formabitur
900 3025 963 3075 οἲς
1010 3027 1171 3070 θύεταί
1218 3045 1256 3070 τε
1309 3043 1348 3071 σ.
1398 3046 1444 3071 π.
1490 3046 1536 3071 π.
1581 3034 1655 3071 καὶ
1698 3027 1760 3076 ιῦς
1791 3026 2009 3083 ἐξάγεται,
2043 3027 2167 3071 altero
2200 3035 2334 3072 autem
2367 3028 2579 3072 accedente

609 3109 793 3153 codicum
844 3108 1087 3167 scripturam
1137 3108 1389 3153 habebimus
1456 3110 1525 3160 lx,
1574 3113 1645 3161 55,
1693 3136 1754 3166 ε-
1796 3104 1895 3166 (ῧρα
1929 3115 1975 3151 τέ
2007 3123 2145 3163 σφεας
2177 3111 2290 3152 κατὰ
2318 3112 2475 3167 χώρην
2508 3125 2579 3152 τε-
