2941 3765
1029 329 1077 360 De
1099 327 1308 359 anacoluthis
1329 326 1544 359 Herodoteis.
2170 307 2223 347 3⁴

395 436 461 490 β).
527 434 724 478 Absoluta
767 436 991 479 enunciatio
1023 435 1207 494 sequitur
1239 434 1337 477 alias
1369 447 1533 493 quoque
1564 446 1684 476 voces
1716 438 1838 489 atque
1872 428 2089 489 participia.
2156 429 2230 473 Kr.

277 515 323 566 ll,
363 516 433 566 59,
471 515 511 565 2,
549 516 589 565 3,
625 514 701 558 hoc
733 522 866 558 tamen
898 522 1155 576 praeceptum
1188 515 1307 560 latius
1339 521 1462 574 patet.

396 594 512 648 Quae
559 594 611 638 ah
657 581 806 638 usitata
853 596 1113 642 construendi
1154 595 1308 640 ratione
1348 592 1557 639 declinatio
1599 599 1690 652 post
1723 605 1944 652 pronomen
1976 590 2229 635 indefinitum

274 673 413 722 ἄλλος
453 674 684 733 saepissime
716 675 902 725 occurrit,
937 691 1064 735 quum
1097 676 1269 735 scriptor
1301 675 1353 717 att
1386 673 1534 733 aliquid
1569 673 1719 731 majore
1750 672 1788 715 vi
1821 670 2069 713 efferendum
2101 670 2230 713 abso-

273 754 398 801 lutam
431 754 751 799 enunciationem
785 763 967 816 usurpat.
1022 758 1050 809 l,
1093 758 1160 802 ⁴4.
1195 784 1257 790 —
1291 758 1433 815 πάρεξ
1465 753 1514 797 δὲ
1548 757 1625 797 τοῦ
1657 748 1856 810 ἀργύρου
1884 753 2055 808 χρυσον
2089 748 2231 793 ἄπλε-

275 851 350 879 τον
383 831 621 891 ἀνέθηκεν,
656 833 800 878 ἄλλον
831 852 873 878 τε·
905 842 979 879 καὶ
1010 841 1085 880 τοῦ
1116 839 1318 893 μάλιστα
1349 837 1539 893 μνήμην
1571 832 1702 886 ἄξιον
1735 832 1849 889 ἔχειν
1883 831 1984 884 ε’στί,
2018 834 2234 889 κρητῆρές

276 915 319 958 οἳ
363 911 576 972 ,ἀριθμόν
609 917 658 967 ἓξ
684 910 867 973 χρύσεοι
900 912 1147 960 ἀνακέαται.
1214 916 1441 961 Herodotus
1474 913 1874 975 comprehensionem
1907 911 2080 956 instituit.
2113 911 2229 971 quasi

275 1009 442 1054 pergere
473 996 588 1039 vellet
620 994 762 1038 ἄλλον
792 1010 836 1037 τε
869 998 1072 1054 (χρυσόν)
1105 1001 1190 1040 καὶκ
1212 999 1432 1054 κρητῆρας
1455 1001 1684 1054 χρυσέους,
1719 995 1766 1037 οἳ
1802 1020 1856 1025 —-
1893 1019 1953 1024 —
1977 987 2229 1035 ἀνακέαται.

276 1075 304 1124 Ι,
365 1076 459 1125 138,
510 1073 693 1132 δεύτερα
741 1074 787 1117 δὲ
837 1077 884 1117 16
925 1070 1120 1129 ὀφείλειν
1153 1083 1287 1134 χρέος
1327 1075 1533 1133 (αἰσχρόν
1576 1074 1868 1130 νενόμισται),
1919 1073 2107 1117 πολλῶν
2144 1075 2232 1128 μὲν

275 1160 349 1197 καὶ
406 1152 561 1197 ἄλλων
617 1153 805 1208 εἵνεκεν,
862 1156 1060 1212 μάλιστα
1115 1156 1160 1199 δὲ
1218 1153 1467 1213 ἀναγκαίην
1524 1159 1633 1210 φασὶ
1689 1151 1803 1198 εἶναι
1859 1157 1935 1199 τόν
1991 1151 2233 1210 ὀφείλοντα

276 1241 356 1277 καί
400 1252 438 1277 τι
488 1235 654 1291 ψεῦδος
701 1236 861 1291 λέγειν.
925 1236 995 1280 Hic
1043 1237 1333 1297 exspectaverit
1380 1237 1473 1296 quis
1520 1237 1719 1290 μάλιστα
1770 1234 1816 1277 δὲ
1869 1231 1933 1278 ὅτι
1983 1232 2232 1293 ἀναγκαίην

277 1321 392 1371 φασί
436 1313 549 1359 εἶναι
597 1332 647 1360 ex
697 1317 768 1360 Kr.
818 1317 846 1368 1,
900 1320 970 1368 ὃὸ,
1025 1319 1062 1369 4,
1111 1322 1151 1363 6.
1214 1319 1297 1363 Cfr.
1331 1319 1382 1362 ad
1415 1318 1525 1362 hunc
1558 1317 1688 1360 locum
1722 1317 1988 1375 Kruegwum,
2023 1318 2093 1377 qui
2125 1332 2230 1361 con—

277 1396 442 1440 similem
484 1398 587 1441 Xen.
632 1397 762 1441 Anah.
812 1398 875 1449 111,
931 1399 969 1449 4,
1022 1401 1073 1442 31¹
1124 1400 1266 1444 attulit.
1332 1400 1360 1450 1,
1412 1399 1510 1448 ⁴43,
1555 1393 1894 1452 ἀπεσχίσθησαν
1935 1395 1981 1439 δὲ
2017 1394 2107 1439 ἀπὸ
2143 1401 2233 1440 τῶν

277 1473 432 1520 ἄλλων
472 1472 636 1520 Ἰιόνων
685 1470 804 1520 οὗτοι
853 1473 950 1521 κατ’
998 1475 1110 1521 ἄλλο
1158 1483 1244 1535 μὲν
1295 1474 1438 1532 οῦδὲν,
1481 1473 1700 1523 ἀσθενέος
1741 1475 1786 1518 δὲ
1830 1474 1977 1525 ἐόντος
2019 1480 2094 1520 τοῦ
2127 1494 2232 1520 παν-

277 1560 352 1606 τὸς
382 1559 472 1600 τότε
501 1555 764 1614 Ἑλληνικοῦ
796 1564 961 1613 γένεος,
996 1558 1233 1618 πολλ(ῇ“δὲ
1268 1554 1322 1615 ἧν
1355 1554 1681 1600 ἅνθενέστατον
1713 1560 1803 1600 τῶν
1825 1555 2000 1599 ἐθνέων
2021 1559 2069 1600 τό
2087 1553 2232 1600 Ἴωνι-

276 1639 359 1680 κόν
409 1664 466 1668 -
495 1665 576 1680 ,-.
622 1637 689 1682 Sic
721 1644 881 1696 praeter
912 1638 1156 1684 Dietschium
1189 1639 1326 1698 legunt
1357 1637 1506 1688 Schw.,
1542 1636 1626 1696 Sg„
1661 1637 1763 1688 Joh.‚
1800 1637 1888 1687 Lh.‚
1923 1637 1995 1680 Kr.
2028 1637 2234 1682 codicibus

276 1715 614 1778 obtemperantes.
680 1717 752 1763 Est
786 1725 920 1763 autem
953 1717 1099 1778 duplex
1132 1717 1413 1764 anacoluthon.
1480 1717 1663 1763 Primum
1705 1717 1810 1761 enim
1844 1716 1948 1761 inter
1982 1732 2025 1761 se
2058 1718 2235 1776 conjun-

276 1804 429 1856 guntur
461 1797 606 1840 locutio
638 1797 869 1857 dependens
902 1794 998 1840 κατ’
1031 1796 1144 1843 ἄλλο
1177 1802 1262 1856 μὲν
1295 1794 1425 1842 οὐδέν
1456 1804 1497 1842 et
1529 1796 1716 1841 absoluta
1738 1795 1976 1847 enuncians),
2002 1810 2107 1855 quae
2129 1795 2232 1842 idem

277 1878 381 1921 valet
411 1884 534 1937 atque
566 1873 664 1920 κατ’
696 1873 939 1935 ἅσθενείην
971 1881 1047 1921 τοῦ
1079 1878 1174 1922 ἕθν.
1202 1874 1244 1921 Ἰ.
1311 1877 1463 1921 Deinde
1498 1877 1693 1937 particula
1727 1877 1779 1920 δέ
1800 1876 2119 1921 enunciationem
2143 1877 2232 1938 pri-

278 1958 444 2022 mariam
478 1973 681 2017 occupans
714 1959 982 2002 anacoluthon
1014 1960 1180 2004 alterum
1213 1959 1343 2009 efficit,
1379 1958 1430 2001 ad
1462 1959 1573 2018 quod
1605 1959 1708 2001 intra
1742 1972 1817 2000 nos
1849 1957 2116 2002 conferemus.
2172 1959 2233 2003 St.

276 2045 410 2089 tamen
443 2046 535 2098 post
566 2039 729 2097 πολλῷ
763 2037 920 2082 Heroldi
954 2040 1205 2100 scripturam,
1241 2055 1345 2099 quae
1377 2047 1440 2083 est
1473 2046 1518 2083 τέ
1546 2054 1622 2099 pro
1655 2038 1718 2092 δέ,
1742 2038 1903 2097 recepit.
1958 2038 2077 2092 Quod
2099 2048 2234 2084 autem

278 2119 368 2170 Ab„
412 2119 526 2164 Tom.
560 2121 587 2171 l,
625 2135 714 2180 pag.
752 2121 854 2172 375,
889 2121 981 2166 illud
1016 2121 1066 2165 δέ
1095 2129 1186 2181 post
1218 2121 1378 2179 πολλῷ
1410 2121 1452 2164 in
1484 2120 1620 2164 codice
1653 2120 1829 2164 Mediceo
1863 2135 1952 2163 esse
1984 2120 2155 2178 negavit,
2192 2137 2236 2164 sc

277 2214 436 2243 errasse
476 2200 561 2259 ipse
593 2200 804 2244 confessus
833 2208 908 2250 est,
943 2200 1055 2244 Toni.
1088 2202 1154 2251 lv,
1188 2216 1279 2262 pag.
1324 2203 1420 2244 198.
1486 2201 1595 2260 Idem
1628 2200 1679 2243 ad
1712 2200 1925 2259 legitimam
1958 2201 2234 2245 constructio-

278 2294 370 2324 nem
411 2280 519 2325 hunc
552 2280 683 2325 locum
718 2287 825 2325 recte
858 2281 914 2325 sic
946 2281 1171 2326 transtulit:
1204 2277 1301 2324 κατ’
1333 2279 1449 2323 ἄλλο
1481 2284 1568 2336 μὲν
1601 2277 1745 2333 οὐδὲν,
1780 2276 1877 2323 κατ’
1909 2275 2151 2337 ιῖσθενείην
2185 2282 2232 2325 δὲ

278 2361 354 2403 τοῦ
394 2358 554 2409 ἔθνεος
586 2355 798 2416 Ἰωνικοῦ,
832 2363 993 2422 πολλῷ
1025 2358 1346 2406 ἀσθενεστάτου
1381 2362 1469 2404 τῶν
1502 2358 1692 2414 ἐθνέων,
1727 2355 1947 2409 α’σθενέος
1978 2358 2128 2418 ἐόντος,
2157 2365 2234 2406 τοῦ

277 2442 440 2488 παντός
485 2441 576 2483 τότε·
611 2439 882 2498 Ἑλληνικοῦ
920 2449 1083 2499 γένεος.
1148 2442 1176 2492 Ι,
1228 2444 1322 2491 193,
1360 2442 1461 2488 τοῦς
1492 2446 1689 2483 συκεέων
1721 2440 1893 2496 τρόπον
1929 2440 2232 2499 θεραπεύουσι

278 2520 329 2563 τά
367 2537 410 2563 τε·
452 2519 583 2576 ἄλλα,
626 2527 700 2565 καὶ
734 2529 965 2578 φοινίκων,
998 2525 1094 2570 τούς
1124 2522 1302 2579 ἔρσενας
1316 2517 1531 2576 ’Έλληνες
1562 2524 1787 2573 καλέουσι,
1821 2523 1987 2563 τούτων
2018 2525 2095 2565 τόν
2125 2539 2233 2580 καρ-

278 2602 367 2643 πόν
413 2601 669 2659 περιδέουσι
709 2605 806 2660 τῇσι
847 2604 1207 2660 βαλανηφόροισι
1238 2604 1327 2644 τιῦν
1360 2607 1592 2656 φοινίκων.
1659 2601 1971 2645 Valckenaerius
2004 2602 2089 2646 loco
2121 2619 2231 2663 quo-

277 2744 513 2784 consequente
540 2739 727 2787 participio
756 2736 1049 2789 καταλογέοντα
1076 2742 1256 2786 repetat-ur
1282 2734 1539 2789 κατηλόγησε.
1587 2738 1651 2781 IX,
1681 2739 1718 2780 5,
1749 2761 1796 2767 -
1827 2738 1972 2792 ταύτην
1991 2737 2061 2791 τὴν
2078 2737 2235 2792 γνώμην

278 2794 541 2851 ἀπεφαίνετο,
571 2795 653 2838 εἴτε
681 2800 729 2852 δὴ
757 2799 990 2850 δεδεγμένος
1013 2799 1195 2852 χρήματα
1225 2823 1272 2827 —
1306 2822 1336 2826 ·-
1353 2830 1361 2844 ‚
1391 2794 1474 2836 εἴτε
1502 2797 1568 2836 καὶ
1600 2800 1729 2838 ταῦτά
1747 2798 1784 2838 οἱ
1811 2824 1855 2829 —-—
1879 2801 2037 2853 ἣνδανες
2055 2803 2234 2849 intelligas

278 2856 543 2914 ἀπεφαίνετο.
598 2863 688 2900 Cum
715 2865 781 2900 hoc
807 2864 884 2900 loeo
911 2864 1062 2900 contulit
1089 2863 1152 2899 Kr.
1183 2862 1274 2905 VIII,
1304 2859 1372 2903 54:
1395 2861 1456 2897 ubi
1483 2861 1621 2898 codices
1648 2865 1821 2912 praebent
1850 2887 1895 2893 -
1926 2860 2079 2903 ἐκέλευε
2108 2889 2155 2894 —
2185 2889 2227 2894 -

276 2919 360 2961 εἴτε
394 2922 443 2976 δὴ
476 2917 531 2962 ὦν
563 2922 664 2976 ἷίψιν
689 2926 781 2965 τινὰ
808 2923 906 2965 ἱδιῠν
932 2923 1117 2964 ἐνυπνίου
1143 2922 1365 2963 ἐνετέλλετο
1403 2928 1542 2971 ταῦτα,
1575 2922 1659 2964 εἴτε
1690 2925 1759 2965 καὶ
1793 2925 1985 2976 ἐνθίχιιιόν
2011 2924 2047 2965 οἱ
2078 2925 2233 2977 ἐγένετο

252 3013 259 3022 x
277 2982 529 3039 ἐμπρήσαντι
570 2988 617 3027 τὸ
657 2985 753 3040 ἱρόν.
809 2989 877 3025 Sed
912 2990 967 3025 hic
1001 2990 1075 3036 ipse
1108 2989 1204 3024 locus
1230 2988 1423 3023 sententiae
1453 3001 1549 3023 meae
1578 2990 1694 3024 favere
1721 2991 1884 3031 videtui-3
1914 3004 1995 3025 uam
2022 2991 2109 3037 quid
2135 2991 2234 3026 aliud

278 3055 330 3085 est
368 3050 457 3086 illud
497 3048 721 3090 ἐνετέλλετο
762 3052 829 3087 nisi
869 3048 1030 3099 ἐκέλευε,
1071 3051 1166 3098 quod
1192 3050 1380 3093 antecedit,
1409 3051 1628 3097 repetitum?
1664 3053 1733 3090 Sed
1760 3053 1824 3089 Kr.
1854 3049 1951 3091 ἕνετ.
1980 3057 2107 3091 ταῦτα
2135 3054 2235 3090 uncis

277 3113 561 3161 circumscripsit.
