2941 3765
1021 324 1069 357 De
1092 323 1303 358 anacoluthis
1325 323 1541 358 Herodoteis.
2206 306 2262 351 49

295 433 443 494 ipsum,
480 441 523 479 ut
557 434 689 494 pauno
721 442 826 487 ante,
861 435 914 480 ita
946 435 1010 480 hic
1043 451 1208 495 quoque
1239 434 1456 480 allocutum
1491 450 1604 490 esse3
1642 441 1771 493 atque
1797 434 1838 478 in
1861 434 1921 486 iis,
1946 449 2051 493 quae
2074 434 2261 493 proxime

295 520 616 574 consequuntur,
652 514 906 560 Mardonium
938 515 1155 576 alloquitur
1188 516 1437 561 Artabanus·
1500 510 1693 560 Ceterum
1728 528 1810 558 uno
1843 520 2003 559 tantum
2035 513 2120 558 loco
2152 513 2259 575 apud

299 593 546 639 Herodotum
578 596 753 640 occurrit
786 596 1041 641 Homericum
1074 596 1169 642 inud
1204 592 1232 640 ὅ
1269 613 1336 652 γε,
1370 597 1417 647 ll,
1461 598 1559 647 173,
1595 595 1645 639 de
1677 610 1759 654 quo
1792 602 1855 638 est
1888 594 1961 638 Kr.
1993 595 2039 646 ll,
2077 598 2149 646 69,
2192 598 2258 646 15,

303 679 339 730 1,
381 690 557 736 quocum
601 675 785 721 conferas
819 677 890 723 Kr.
924 679 970 730 11,
1008 681 1097 729 69,
1124 681 1190 729 15,
1227 680 1270 723 2.
1305 705 1364 712 —-
1398 676 1687 736 Compluribus
1719 681 1855 720 autem
1887 674 1984 719 locis
2017 675 2257 720 vocabulum

296 756 530 800 nominativi
561 756 587 799 1.
621 758 838 801 accusativi
870 772 1002 809 casus,
1038 758 1146 817 quod
1179 759 1230 802 ad
1263 758 1566 818 appositionem,
1602 770 1726 816 quam
1760 755 1987 817 partitivam
2010 755 2161 808 dicunt,
2186 756 2258 800 Kr.

296 839 324 888 Ι,
379 836 450 887 57,
503 841 543 886 8,
595 837 701 887 adn„
753 839 1005 881 referendum
1038 847 1112 888 est,
1138 840 1342 898 repetitur
1374 853 1447 897 per
1477 837 1709 896 genetivum
1743 837 1975 895 partitivum
2009 838 2258 896 pronominis

296 913 428 967 αὕτός
447 919 506 973 ¹).
570 916 698 975 Cujus
736 918 851 963 ‘usus
898 918 1084 963 adnotavi
1132 920 1313 979 exempla
1355 920 1465 969 haec,
1502 919 1585 968 Vll,
1622 920 1726 968 249,
1763 944 1822 949 —
1858 944 1917 950 —
1953 917 2261 975 διακριθέντες

294 999 340 1044 οἳ
379 1000 465 1053 μὲν
509 993 857 1042 ἀπαλλάσσοντο
892 1025 949 1030 -—
983 1026 1058 1052 —‚
1092 999 1134 1043 οἳ
1167 998 1214 1042 δὲ
1248 995 1393 1043 αὕτών
1425 1026 1486 1031 —-
1521 1025 1580 1031 -
1614 1004 1772 1053 μένειν
1804 992 1941 1040 αὐτοῦ
1973 1001 2257 1054 παρεσκευά-

295 1078 416 1122 δατο.
482 1078 565 1130 Vll,
623 1081 721 1129 456,
773 1104 830 1110 —
881 1080 1119 1137 ΒῙεγαρέας
1160 1105 1218 1111 —
1260 1105 1322 1112 —
1364 1106 1439 1133 —,
1473 1080 1573 1127 τούς
1603 1081 1691 1134 μὲν
1724 1072 1871 1120 admon
1902 1084 2071 1133 παχέας
2100 1105 2163 1110 -
2195 1104 2254 1110 -

293 1161 510 1216 πολιήτας
550 1158 746 1215 ἐποίησε.
813 1160 857 1209 ΙΙ,
903 1162 982 1213 553
1026 1160 1072 1210 V,
1109 1160 1194 1215 873
1230 1160 1276 1211 V,
1314 1164 1388 1204 93.
1453 1160 1558 1204 Cum
1591 1160 1654 1202 his
1687 1159 1782 1201 locis
1816 1158 2000 1202 conferas
2034 1159 2254 1217 legitimum

293 1240 402 1285 illum
451 1240 479 1290 Ι,
518 1241 588 1291 32,
639 1238 806 1282 τούτων
853 1241 943 1282 τῶν
983 1238 1194 1282 ἁπασέων
1234 1238 1442 1297 ἡμερέων
1474 1266 1536 1272 -
1570 1267 1628 1272 --
1661 1265 1725 1272 -—
1758 1237 1787 1295 ἦ
1821 1238 1943 1296 ἑτέρη
1976 1235 2144 1281 αὐτέων
2177 1266 2252 1282 —.

295 1320 423 1366 Porro
471 1318 702 1380 dependens
750 1318 909 1379 aliquod
958 1319 1148 1365 orationis
1196 1319 1421 1365 membrum
1471 1319 1705 1380 repetitione
1745 1319 1791 1364 fit
1825 1318 2069 1371 absolutum,
2107 1328 2151 1365 ut
2183 1327 2256 1365 aut

293 1402 544 1462 participium
577 1401 690 1445 finita
722 1400 832 1446 verbi
867 1400 993 1444 forma
1027 1408 1217 1451 recurrat,
1253 1401 1369 1460 cujus
1401 1399 1458 1444 rei
1485 1400 1567 1460 jam
1600 1389 1720 1461 pagg.
1749 1400 1819 1451 44,
1850 1400 1905 1443 45
1931 1399 2114 1459 exempla
2136 1400 2254 1444 allata

293 1491 403 1535 sunt,
439 1483 467 1534 l,
506 1482 578 1533 77,
615 1508 673 1513 —
709 1509 769 1514 —
803 1479 849 1524 ἕν
882 1468 975 1540 νόῳ
1009 1479 1123 1537 ἔχων
1156 1507 1214 1513 -
1249 1508 1307 1514 —
1331 1502 1403 1514 1——
1437 1508 1500 1514 —
1523 1479 1708 1525 ἐνένωτο
1735 1508 1791 1513 —
1818 1507 1878 1513 —
1901 1480 2154 1542 στρατεύειν
2176 1508 2252 1526 —.

292 1565 357 1614 111,
396 1566 467 1615 53,
502 1563 574 1607 cfr.
611 1577 700 1622 pag.
740 1563 810 1612 45,
846 1562 911 1612 Vl,
955 1564 1053 1612 132,
1087 1562 1160 1605 csr.
1195 1576 1285 1620 pag.
1322 1562 1392 1611 44,
1427 1562 1495 1612 lx,
1539 1565 1638 1612 111,
1674 1588 1736 1594 -
1769 1587 1828 1593 —
1864 1567 1959 1603 τίνα
1991 1576 2076 1615 μοι
2108 1562 2255 1617 λόγον

292 1646 438 1699 λέγεις
485 1641 717 1702 ἄχρηστον,
767 1642 966 1684 κελεύων
1012 1658 1071 1697 με
1112 1644 1313 1697 γυναῖκα,
1356 1667 1414 1673 -—
1450 1668 1510 1673 —
1547 1667 1620 1695 ——,
1655 1641 1810 1698 ταύτην
1842 1656 1903 1696 με
1937 1641 2133 1690 κελεύεις
2164 1657 2252 1697 με·-

292 1730 415 1766 τὲντα
450 1723 680 1782 θυγατέρα
711 1725 790 1778 τήν
822 1725 1018 1765 σεωυτοῦ
1051 1725 1218 1778 γῆμαι;
1252 1737 1333 1781 qua
1367 1730 1575 1766 structura
1596 1723 1776 1766 animum
1799 1722 2000 1781 loquentis
2023 1722 2248 1782 perturba-

291 1812 379 1848 tum
429 1804 514 1863 ipsa
556 1803 735 1848 oratione
776 1803 884 1847 haud
927 1803 1012 1846 sine
1044 1810 1129 1846 arte
1161 1802 1338 1847 imitatus
1370 1811 1430 1846 est
1466 1804 1650 1862 scriptor,
1686 1829 1748 1835 —
1780 1812 1851 1847 aut
1884 1817 2107 1862 pronomen
2142 1804 2252 1846 rela—

293 1885 419 1932 tivum
468 1884 630 1930 nomine
679 1891 896 1944 repetatur,
949 1883 999 1928 ad
1061 1883 1169 1943 quod
1211 1883 1394 1935 refertur,
1445 1885 1474 1935 l,
1532 1882 1585 1929 17
1593 1884 1631 1935 4,
1684 1883 1881 1928 οἰκέουσι
1915 1911 1975 1918 -
2010 1911 2070 1917 -
2104 1887 2253 1928 Λακε-

293 1966 546 2021 δαιμονίων
595 1964 780 2009 ἄποικοι
831 1965 1021 2019 Κνίδιοι,
1072 1967 1117 2008 οἳ
1158 1992 1215 1997 -
1251 1991 1310 1997 -
1344 1991 1403 1997 —
1437 1966 1484 2008 τό
1519 1960 1585 2007 ὧν
1619 1964 1675 2022 δὴ
1709 1960 1869 2022 ὀλίγον
1901 1967 2040 2019 τοῦτο,
2074 1991 2137 1998 -
2174 1992 2250 2021 -,

291 2045 499 2106 ὤρυσσον
540 2047 583 2091 οἳ
623 2046 816 2100 Κνίδιοι,
860 2046 893 2090 si
933 2046 1094 2105 quidem
1126 2045 1219 2090 illud
1253 2044 1311 2099 οἵ,
1345 2045 1454 2105 quod
1487 2044 1662 2090 editores
1696 2046 1773 2090 mei
1805 2044 2191 2106 Schweighaeusero
2213 2055 2253 2092 et

289 2127 460 2187 Stegero
493 2128 673 2187 exceptis
706 2135 957 2187 receperunt,
993 2127 1200 2171 Bekkerus
1234 2134 1340 2170 recte
1372 2127 1555 2171 inseruit.
1612 2128 1768 2171 Accidit
1801 2144 1965 2186 quoque
1997 2129 2038 2171 in
2070 2130 2252 2172 oratione

289 2208 465 2269 obliqua,
513 2217 560 2255 ut
608 2207 659 2262 id,
705 2207 814 2269 quod
854 2207 1049 2254 infinitivo
1081 2222 1317 2267 expressum
1353 2215 1426 2260 est,
1461 2207 1668 2267 participio
1700 2208 1881 2259 iteretur,
1916 2208 1962 2259 ΙΙ,
2006 2212 2104 2260 111,
2139 2205 2252 2252 ἄνα-

289 2290 524 2348 βλέψαντα
557 2288 604 2332 δὲ
639 2291 907 2345 συναγαγεῖν
940 2290 1015 2336 τοῖς
1044 2291 1265 2344 γυναῖκας,
1299 2314 1358 2320 -
1393 2315 1453 2321 —
1489 2314 1563 2342 —‚
1599 2286 1642 2337 ἐς
1671 2294 1785 2344 μίαν
1816 2289 1967 2344 πόλιν,
2002 2287 2032 2346 ἦ
2065 2292 2144 2332 νῦν
2166 2306 2251 2333 κα-

288 2373 434 2414 λέεται
475 2366 675 2427 Ἐρυθρὴ
724 2371 890 2425 βῶλος,
941 2369 983 2418 ἐς
1013 2371 1167 2426 ταύτην
1199 2371 1493 2412 συναλίσαντα
1526 2366 1787 2426 ὑποπρῆσαι
1821 2370 1979 2418 πάσας.
2044 2370 2112 2414 Sic
2144 2371 2251 2414 enim

288 2465 364 2511 ego
397 2465 489 2495 cum
522 2449 725 2495 Dietschio
758 2457 797 2494 et.
830 2450 1014 2494 Abichtio
1047 2449 1259 2510 distinguo.
1315 2448 1473 2509 Reliqui
1492 2456 1642 2493 autem
1675 2449 1790 2493 coion
1823 2458 1915 2510 post
1938 2465 2075 2495 vocem
2098 2453 2254 2508 βῶλος

290 2539 513 2591 posuerunt
536 2534 596 2587 ²).
1668 2529 1671 2531 ’

395 2717 426 2761 ¹)
454 2714 527 2750 cfr.
565 2713 683 2761 Vigeri
723 2713 868 2757 librum,
909 2726 991 2761 pag.
1022 2713 1056 2756 5,
1086 2712 1167 2748 adn.
1196 2712 1233 2749 8.
1287 2712 1479 2755 Geislerus‚
1508 2724 1592 2759 pag.
1624 2712 1684 2757 lss,
1713 2727 1825 2761 quum
1852 2713 1922 2750 alia
1950 2718 2023 2750 tum
2051 2714 2137 2750 haec
2165 2728 2247 2750 con-

286 2779 372 2813 tulit
411 2779 503 2813 Xeu.
546 2777 629 2824 Cyr.
664 2778 693 2819 Ι,
730 2775 765 2818 1,
803 2771 845 2819 Ῑ;
883 2777 976 2819 VIII,
1012 2775 1048 2819 8,
1085 2775 1153 2819 163
1191 2776 1249 2819 vl,
1278 2776 1313 2812 3.
1342 2774 1391 2810 34
1422 2797 1468 2802 —
1496 2772 1605 2823 ὑμῶν
1631 2797 1693 2813 —-.
1722 2777 1834 2812 Thuc.
1865 2777 1909 2818 ΙΙ,
1941 2776 1978 2820 4,
2007 2777 2137 2824 quibus
2163 2777 2249 2813 locis

278 2841 525 2899 ffuaoeluthon
553 2852 628 2875 esse
654 2843 783 2875 statuo.

395 2915 427 2959 ²)
456 2915 501 2957 11,
531 2912 617 2955 152,
647 2910 844 2961 ἐκβάντας
869 2910 914 2949 δὲ
932 2909 974 2956 ἐς
991 2915 1060 2963 γῆν
1077 2909 1143 2948 καὶ
1165 2908 1443 2956 ὁπλισθέντας
1459 2911 1596 2963 χαλκῷ
1614 2909 1796 2962 ἀγγέλλει
1818 2917 1897 2950 τῶν
1915 2927 1980 2958 τις
1997 2910 2247 2963 Αἰγυπτίων

288 2999 340 3005 -
366 2998 415 3005 -
444 2997 507 3024 -‚
536 2971 590 3022 ὡς
614 2972 776 3025 χάλκεοι
805 2970 944 3027 ἄνδρες
971 2969 1183 3023 ἀπιγμένοι
1215 2968 1299 3012 ἀπὸ
1326 2971 1544 3028 θαλάσσης
1569 2973 1803 3030 λεηλατεῦσι
1828 2974 1873 3016 τὸ
1893 2973 2048 3016 πεδίον.
2094 2978 2160 3014 Hic
2182 2992 2248 3026 pro

284 3036 484 3085 ἐκβάντας
523 3037 591 3074 καὶ
632 3036 726 3073 ὁπλ.
768 3039 839 3083 Sg„
882 3039 961 3078 Lu„
1002 3038 1082 3070 Joh.
1118 3038 1319 3081 genetivum
1354 3038 1554 3072 absolutum
1583 3040 1811 3084 desidet-aum
1839 3041 1904 3075 Ab.
1932 3044 1968 3074 et
1994 3041 2044 3076 St.
2071 3044 2245 3087 statuunt,

288 3101 508 3139 Herodotum
543 3101 758 3150 scripturum
785 3115 859 3139 esse
888 3098 1116 3153 λεηλατέειν
1142 3098 1187 3139 τὸ
1215 3098 1368 3148 πεδίον,
1397 3107 1433 3139 et
1459 3106 1703 3141 accusativum
1729 3107 1880 3153 subjecti
1907 3107 2128 3142 nominativo
2146 3105 2247 3153 χάλ-

409 3185 524 3218 Lunds
548 3184 644 3218 Univ.
669 3175 844 3219 ⁶Rrsskrift.
889 3185 986 3219 Tom.
1012 3185 1048 3217 V.
2088 3191 2129 3221 lo
