2941 3765
1080 327 1129 357 De
1151 326 1359 358 anacoluthi·
1382 326 1597 358 Herodoteis.
2258 308 2309 351 Η

345 442 597 491 ταγμὲνους
635 439 711 477 καὶ
752 434 796 483 ἐς
834 440 983 477 νείκεα
1015 431 1292 491 ἀπιγμένους
1322 432 1468 478 αύιών
1501 436 1601 483 τοῦς
1631 433 1846 492 πρώτους.
1913 433 1985 477 Kr.
2017 432 2312 484 animadvertit,

347 515 442 560 illud
495 521 541 557 τέ
586 514 822 559 collocatum
862 529 963 565 esse,
1007 515 1124 573 quasi
1156 524 1250 558 ante
1282 514 1325 564 ἐς
1355 522 1503 558 νείκεα
1534 514 1706 559 verbum
1739 514 1790 557 ilii
1823 510 1923 571 ὥρα
1953 513 2075 557 affine
2107 528 2313 558 consecu-

346 603 487 641 turum
538 602 660 640 esset.
726 594 831 639 Cum
880 594 1032 653 quibus
1080 595 1272 654 exemplis
1320 604 1608 655 comparentur
1639 595 1755 638 Thuc
1787 595 1872 650 lV,x
1897 598 1948 637 10
1984 604 2024 638 ct
2056 596 2160 638 Xon.
2183 594 2312 639 Conv.

346 678 393 729 ll,
437 679 472 728 1,
507 691 614 736 quae
646 690 670 734 a
702 675 854 727 Rostio,
891 679 917 730 S
958 676 1057 726 134,
1095 679 1134 726 5,
1169 676 1262 720 adu.
1297 679 1337 727 2,
1373 676 1547 735 append.
1588 679 1623 727 1,
1658 690 1694 727 c,
1729 675 1959 719 laudantur.

470 757 535 802 Ab
568 756 628 806 iis,
664 755 705 799 in
738 755 889 814 quibus
921 770 1031 800 nunc
1065 756 1212 799 versati
1245 772 1400 807 suinuS,
1435 757 1687 801 a11acoiuthis
1720 756 1888 799 diversa·
1914 764 2011 799 sunt
2044 770 2102 805 ea,
2136 771 2312 813 quorum

347 835 450 883 ratio
496 835 537 882 in
579 851 627 882 eo
670 834 746 881 sita
790 843 865 888 est,
902 843 948 881 ut
982 834 1207 881 membrum
1240 835 1396 896 aliquod
1431 836 1580 882 sactum
1615 836 1667 881 sit
1699 836 1945 896 dependens,
1980 852 2108 895 quum
2141 836 2312 881 absolu-

347 925 436 964 tum
468 922 558 962 e'ssc
590 915 768 962 deberet.
824 915 900 961 Fit
931 916 1056 970 enim,
1089 918 1135 960 ut
1157 920 1264 977 post
1294 917 1525 963 locutiones
1558 916 1679 972 tales,
1710 916 1858 974 quales
1890 919 1992 962 sunt
2024 914 2088 965 ὥς
2116 917 2312 972 λέγουσι,

347 996 412 1048 ὥς
459 998 772 1054 πυνθάνομαι,
821 999 1026 1055 sequatur
1067 1010 1153 1041 non
1194 996 1366 1043 verbum
1397 997 1576 1054 finitum
1607 998 1686 1044 sed
1715 996 1958 1053 infinitivus
1990 1011 2043 1043 ex
2075 995 2202 1043 verbo
2234 998 2313 1042 λί-

346 1092 478 1135 γουσι
526 1078 552 1120 l.
588 1078 886 1133 πυνθάνομαι
912 1067 1122 1134 pendens,
1154 1080 1279 1135 quasi
1307 1079 1411 1123 haec
1442 1079 1572 1124 verba
1603 1093 1690 1123 non
1723 1080 1771 1123 in
1796 1079 2064 1136 parenthesi,
2096 1081 2144 1122 ut
2176 1079 2314 1133 ajunt,

340 1161 489 1216 posita
537 1163 687 1203 essent.
751 1159 822 1202 Kr.
874 1159 900 1209 Ι,
955 1161 1026 1209 55,
1082 1159 1120 1209 4,
1167 1158 1216 1213 73
1257 1160 1304 1210 ΙΙ,
1349 1162 1420 1210 55,
1460 1161 1496 1211 4,
1534 1164 1583 1214 33
1620 1160 1753 1203 Madv.
1788 1164 1813 1213 S
1849 1163 1953 1210 216,
1988 1159 2082 1203 adn.
2118 1162 2166 1212 33
2202 1160 2250 1203 R.
2286 1162 2311 1213 S

355 1240 454 1291 137,
494 1239 531 1291 4,
569 1239 608 1291 b,
643 1241 697 1296 β’,
733 1238 811 1283 Κυ.
845 1242 870 1292 S
907 1239 1010 1290 857,
1046 1254 1090 1293 e,
1127 1240 1267 1284 Matth.
1302 1244 1327 1295 S
1362 1243 1464 1291 631,
1502 1243 1550 1295 23
1585 1241 1632 1284 B.
1667 1255 1759 1300 pag.
1798 1241 1886 1284 464
1909 1243 1968 1296 3).

472 1320 577 1364 Haec
625 1319 820 1370 attractio,
871 1334 977 1378 quae
1025 1320 1076 1363 ab
1125 1320 1326 1365 Herodoto
1369 1323 1544 1381 profecta
1576 1322 1747 1371 videtur,
1793 1336 1920 1379 quum
1954 1321 2061 1380 apud
2095 1321 2193 1363 alios
2226 1329 2314 1364 tum

347 1399 456 1461 apud
497 1399 704 1445 Platonem
747 1409 786 1444 et
820 1399 1015 1459 imprimis
1049 1400 1266 1459 scriptores
1300 1403 1538 1461 posteriores
1570 1401 1767 1454 occurrit,
1801 1416 1923 1458 quem
1958 1416 2080 1445 usum
2113 1416 2186 1459 per
2220 1401 2312 1444 sin-

345 1480 463 1541 gulas
505 1486 657 1525 aetates
706 1478 753 1524 B.
797 1478 820 1524 Ι.
868 1478 893 1524 Ι.
944 1475 1154 1540 diligenter
1201 1481 1468 1540 persequitur.
1531 1481 1619 1526 Jam
1654 1481 1845 1532 locorum,
1880 1481 1950 1539 qui
1983 1482 2091 1540 apud
2124 1481 2312 1525 Herodo—

348 1568 436 1607 tum
487 1558 760 1613 inveniuntur,
808 1574 876 1606 eos
910 1559 1084 1622 primum
1116 1558 1345 1615 afferamus,
1381 1561 1445 1609 ubi
1479 1561 1700 1609 infinitivus
1733 1560 1985 1613 locutionem,
2020 1576 2126 1620 quae
2157 1570 2220 1607 est
2252 1580 2315 1611 ως

345 1643 544 1700 λέγουσι,
577 1640 771 1686 continuo
804 1641 1000 1703 sequitur,
1036 1641 1065 1694 1,
1092 1643 1165 1695 65,
1191 1658 1253 1693 ως
1273 1668 1333 1675 —
1355 1638 1473 1687 αὐτοὶ
1496 1641 1854 1700 Λακεδαιμόνιοι
1877 1642 2079 1700 λέγουσι,
2103 1643 2312 1701 Λυκοῦρ-

345 1740 431 1781 γον
463 1749 525 1755 -
557 1748 618 1754 ——
653 1748 710 1754 —
746 1722 794 1765 ἐκ
831 1725 1005 1781 Κρήτης
1036 1704 1294 1779 ἀγαγέσθαι
1327 1727 1469 1767 ταῦτα.
1536 1724 1602 1774 lv,
1647 1739 1679 1774 J,
1715 1721 1778 1771 ὥς
1809 1749 1871 1755 —-
1903 1725 2090 1767 Σκύθαι
2113 1725 2312 1780 λέγουσι,

348 1804 569 1848 νεώτατον
618 1801 828 1845 ἁπάντων
877 1802 1054 1846 ἐθνέων
1103 1801 1215 1845 εἶναι
1260 1807 1309 1847 τό
1351 1811 1574 1861 σφέτερον,
1622 1830 1695 1846 —-.
1729 1804 1776 1854 Υ,
1818 1804 1888 1854 44,
1930 1806 2020 1847 Τόν
2047 1804 2218 1862 χρόνον
2252 1829 2313 1835 —-

346 1886 515 1938 τοῦτον,
558 1881 621 1932 αἷς
658 1883 840 1940 λέγουσι
881 1885 1145 1942 Συβαρῖται,
1180 1890 1318 1940 σφέας
1346 1900 1387 1928 τε
1420 1880 1575 1933 αύτούς
1605 1888 1679 1927 καὶ
1716 1885 1866 1941 Τῆλυν
1899 1887 1976 1928 τὸν
2009 1883 2191 1928 ἑωυτῶν
2222 1885 2313 1941 βα-

346 1967 475 2011 σιλέα
515 1964 587 2008 ἐπὶ
626 1965 846 2022 Κρότωνα
888 1966 1077 2018 μέλλειν
1109 1965 1442 2021 στρατεύεσθαι,
1475 1991 1549 2007 -.
1586 1965 1651 2014 vl,
1694 1966 1793 2016 437,
1830 1964 1893 2014 ὥς
1925 1992 1983 1997 -
2019 1961 2144 2008 αὐτοὶ
2171 1961 2312 2021 Ἀθη-

347 2050 465 2090 ναῖοι
508 2047 708 2101 λέγουσι,
753 2044 938 2093 δικαίως
968 2042 1188 2096 ἐξελάσαι.
1224 2044 1305 2095 Vll,
1348 2045 1443 2096 171,
1479 2045 1522 2094 ἐς
1552 2072 1613 2077 —-
1646 2047 1726 2102 τήν
1760 2047 1940 2104 Κρήτην
1974 2044 2312 2103 ἐρημωθεῖσαν,

345 2127 409 2177 ὥς
439 2127 620 2184 λέγουσι
655 2128 882 2183 Πραίσιοι,
917 2124 1217 2176 ἐσοικίζεσθαι
1251 2123 1415 2174 ἄλλους
1444 2142 1486 2169 τε
1519 2122 1798 2182 ἀνθρώπους
1827 2130 1902 2169 καὶ
1935 2122 2313 2182 μάλισταἽΣλλη-

347 2223 425 2257 νας
472 2234 546 2262 ἐ.
595 2205 800 2265 Sequatur
845 2205 969 2262 locus,
1022 2205 1091 2250 ubi
1141 2206 1236 2249 haec
1286 2214 1489 2251 structura
1532 2215 1758 2266 usurpatur
1791 2215 1883 2266 post
1916 2209 2105 2263 λέγεται,
2139 2208 2167 2257 l,
2212 2210 2310 2257 191,

347 2315 407 2321 -—
456 2314 519 2321 -—
567 2285 630 2335 ὥς
675 2287 850 2344 λέγεται
900 2284 988 2329 ὑπὸ
1037 2288 1125 2329 τῶν
1165 2285 1294 2344 ταύτῃ
1336 2284 1608 2343 οἰκημένων,
1651 2313 1711 2319 -
1757 2313 1815 2319 -
1858 2313 1921 2320 -
1954 2289 2055 2336 τούς
2085 2289 2134 2331 τό
2167 2293 2312 2343 μέσον

348 2368 574 2416 οἰκέοντας
616 2394 678 2401 --
727 2394 790 2401 —-
835 2363 889 2410 οὕ
931 2369 1192 2421 μανθάνειν
1234 2392 1306 2409 --.
1342 2366 1438 2409 Post
1470 2368 1593 2410 verba
1627 2369 1949 2410 πυνθάνεσθαι
1983 2376 2024 2411 et
2057 2364 2240 2410 ἀκούειν
2273 2368 2314 2410 in

348 2447 580 2509 parenthesi
629 2448 757 2508 posita
807 2446 1071 2506 subsequitur
1104 2446 1335 2498 infinitivus,
1370 2447 1415 2497 ll,
1453 2452 1492 2498 8,
1530 2475 1588 2480 —
1623 2446 1685 2496 ὥς
1716 2447 1807 2504 ἐγώ
1847 2447 2192 2504 ἐπυνθανόμην,
2234 2447 2314 2490 δύο

344 2531 508 2587 μηνῶν
540 2524 647 2573 αὐτὸ
681 2525 795 2573 εἶναι
827 2530 905 2586 τῆς
938 2525 1050 2572 ὁδοῦ
1084 2555 1159 2571 -.
1194 2528 1259 2579 lv,
1297 2527 1366 2578 76,
1402 2525 1464 2577 (ὗς
1496 2556 1554 2562 -
1590 2526 1681 2585 ἐγώ
1716 2526 1889 2585 ἤκουσα
1927 2533 2109 2585 Τίμνεω
2144 2557 2206 2561 -
2240 2557 2317 2582 -,

346 2607 461 2653 εἶναι
494 2605 627 2652 αὐτόν
654 2604 949 2667 Ἰδανθύρσου
981 2634 1040 2640 —-
1075 2634 1135 2641 -
1169 2610 1361 2668 πάτρων,
1393 2608 1532 2653 παῖδα
1566 2608 1612 2652 δὲ
1648 2606 1762 2653 εἶναι
1796 2609 1998 2668 Γνούρου
2035 2637 2108 2653 -.
2143 2609 2210 2660 lv,
2238 2611 2311 2659 95.

339 2689 415 2739 Ὡς
457 2715 518 2722 —-
551 2688 640 2745 ἐγώ
674 2690 971 2745 πυνθάνομαι
1004 2692 1092 2732 τῶν
1125 2716 1186 2722 -
1219 2716 1277 2722 -
1307 2688 1539 2746 Ἑλλήνων
1573 2716 1632 2722 -
1667 2716 1744 2745 -,
1777 2693 1854 2734 τόν
1889 2692 2125 2746 Ζάλμοξιν
2158 2717 2217 2723 -
2255 2716 2314 2722 —-

451 2802 486 2848 ²)
514 2801 589 2838 cfr.
629 2801 736 2837 etiam
776 2802 1025 2838 Hermannum
1064 2801 1102 2836 in
1143 2801 1325 2848 Vigerum,
1361 2813 1468 2849 pagg.
1505 2800 1595 2845 892,
1631 2801 1728 2847 8933
1756 2793 1977 2846 Wendtium,
2004 2816 2115 2851 pagg.
2150 2802 2214 2845 24,
2243 2802 2315 2846 25,

345 2866 596 2909 Ebhardtium,
623 2877 732 2913 pagg.
760 2863 798 2908 2,
828 2864 865 2904 3.
913 2866 1021 2913 Apud
1055 2865 1260 2902 Ciceronem
1294 2877 1435 2912 quoque
1461 2865 1636 2912 ejusmodi
1670 2866 1948 2903 constructionis
1986 2866 2150 2913 exempla
2190 2866 2315 2914 depre-

344 2928 564 2972 henduntur,
593 2928 638 2963 de
663 2927 732 2964 Off.
760 2928 789 2972 Ι,
818 2926 855 2972 7,
883 2926 946 2972 22,
975 2950 1025 2957 -
1054 2931 1175 2974 atque,
1200 2931 1243 2964 ut
1261 2928 1385 2974 placet
1414 2927 1558 2972 Stoicis,
1584 2939 1679 2974 quae
1704 2930 1747 2967 in
1774 2931 1884 2968 terris
1898 2931 2122 2977 yiynantur,
2140 2930 2192 2966 ad
2206 2940 2313 2967 usum

345 2993 532 3030 hominum
571 2992 694 3029 omnia
733 2992 865 3035 creari,
905 2991 1066 3028 homines
1104 2994 1224 3028 autem
1263 2991 1448 3027 hominum
1484 3002 1621 3028 caussa
1654 3004 1729 3030 esse
1752 2997 1958 3039 9eneratos,
1985 2997 2030 3029 ut
2053 2994 2128 3039 ipsi
2154 2994 2252 3029 inter
2277 3004 2317 3029 se

345 3055 434 3092 aliis
474 3054 544 3091 alii
574 3054 748 3100 prodesse
779 3057 939 3101 possent.
974 3054 1019 3090 de
1054 3054 1142 3102 Rep.
1179 3054 1207 3097 1,
1236 3052 1298 3097 37,
1328 3052 1389 3090 58.
1447 3053 1502 3098 Si,
1529 3057 1573 3092 ut
1601 3053 1738 3095 Graeci
1765 3058 1907 3101 dicunt,
1934 3068 2056 3095 onmes
2082 3059 2150 3094 aut
2179 3054 2316 3094 Graios

344 3129 421 3154 esse
448 3120 516 3153 aut
542 3118 729 3159 barbaros,
756 3128 879 3152 vereor
905 3129 951 3153 ne
978 3117 1216 3152 barbarorum
1243 3126 1308 3151 rex
1325 3116 1458 3161 suerit.

467 3189 585 3222 Lunds
609 3178 908 3222 Univ.1⁸5rsskrist.
953 3188 1050 3223 Tom.
1076 3188 1112 3221 V.
2176 3193 2195 3222 8
