2941 3765
1074 345 1124 378 De
1147 344 1361 379 anacoluthie
1381 345 1598 379 Herodoteis.
2263 327 2320 371 ⁴³3

357 453 532 509 (τόσον)
552 467 563 478 ·
586 447 649 485 —2
667 448 854 511 ἀρχαῖον
871 479 931 487 -
950 458 1027 499 τήν
1039 481 1102 488 —-
1121 452 1250 499 ἐόντα
1268 449 1436 510 ὅμιλον
1452 459 1660 513 τέσσερας
1674 456 1750 495 καὶ
1767 453 1908 495 εἴκοσι
1925 453 2151 510 μυριάδας
2165 480 2224 486 —
2244 479 2319 497 --.

357 532 429 575 Kr.
479 548 553 593 pro
601 533 663 583 αἷς
702 536 897 596 seriptum
938 550 1027 580 esse
1061 532 1171 579 ὅσον
1202 534 1372 595 conjicit,
1407 548 1491 594 quo
1525 536 1602 576 τόν
1635 529 1805 588 ὅμιλον
1836 547 1887 576 ex
1921 531 2112 589 εὖρίσκω
2146 533 2322 594 pendere

356 613 492 659 minus
531 615 760 661 mirandum
802 625 921 669 esset,
958 616 1027 661 sed
1060 615 1111 660 ad
1145 615 1222 660 hoc
1255 615 1516 660 statuendum
1550 614 1647 659 nihil
1679 613 1798 674 cogit.
1864 613 2077 659 Praeterea
2110 614 2173 659 de·
2193 615 2318 660 verbo

357 693 577 755 εὑρίσκειν
623 711 717 742 cum
764 699 992 743 accusativo
1041 697 1252 743 locutionis
1291 696 1546 756 participialis
1588 696 1805 755 conjuncto
1837 695 1958 739 adeas
1992 696 2064 740 Kr.
2099 697 2127 747 1,
2167 699 2238 747 56,
2276 696 2317 748 7,

285 794 290 801 ¹
359 776 412 831 23
447 775 494 828 Π,
531 778 602 829 56,
641 777 681 830 7,
720 780 760 823 3.

478 856 580 902 Hinc
611 858 663 903 ad
695 859 934 905 anacolutha
966 858 1260 905 transeundum
1292 858 1463 909 videtur,
1498 871 1604 917 quae
1638 857 1692 901 ita
1723 845 1957 917 comparata
1980 865 2088 909 sunt,
2114 864 2160 902 ut
2182 872 2317 902 mem-

356 936 476 981 brum
524 939 683 998 aliquod
731 941 923 984 orationis
971 940 1252 984 secundarium
1301 939 1490 1000 primaria
1537 953 1632 998 pars
1675 953 1756 981 non
1798 938 1873 981 rite
1917 946 2126 997 sequatur.
2195 939 2321 983 Fieri

296 1007 307 1015 ’
356 1020 470 1063 enim
499 1019 617 1075 solet,
649 1023 695 1063 ut
717 1024 801 1064 aut
826 1021 1122 1077 participium,
1162 1021 1437 1075 conjunctum
1478 1019 1504 1063 l.
1545 1018 1803 1074 absolutum,
1836 1019 1883 1062 in
1916 1018 2190 1075 sequentibus
2221 1021 2318 1065 nul-

356 1100 455 1153 lum,
506 1102 566 1143 ad
611 1103 724 1156 quod
768 1101 1003 1154 referatur,
1042 1101 1213 1143 verbum
1243 1101 1409 1155 habeat,
1441 1104 1516 1142 aut
1548 1100 1795 1142 enunciatio
1828 1100 2221 1154 comprehensionis
2252 1114 2319 1144 se-

356 1181 569 1224 cundaria
602 1195 630 1223 a
654 1182 878 1236 primaria
908 1183 966 1224 sit
999 1183 1212 1235 destituta,
1231 1196 1371 1236 quum
1403 1195 1467 1235 ea,
1499 1195 1608 1236 quae
1639 1182 1699 1224 ad
1729 1182 1988 1223 sententiam
2002 1180 2319 1235 perficiendam

356 1259 673 1315 desiderantur,
719 1264 795 1304 aut
841 1261 890 1304 in
915 1262 1097 1316 periodo
1130 1265 1406 1318 consequente
1438 1264 1514 1304 aut
1544 1261 1592 1304 in
1623 1261 1924 1304 enunciatione
1957 1261 2199 1315 explicante
2222 1275 2320 1304 cum

348 1341 573 1396 particula
614 1343 703 1399 γάρ
744 1344 819 1384 aut
859 1341 907 1384 in
931 1344 1063 1397 parte
1094 1341 1239 1398 aliqua
1270 1342 1463 1396 eiusdem
1494 1341 1889 1397 comprehensionis
1921 1342 2184 1386 secundaria
2216 1355 2319 1385 con-

357 1422 586 1465 tineantur.
647 1422 785 1474 Quum
828 1421 952 1465 multa
984 1422 1221 1465 anacolutha
1253 1430 1340 1466 tum
1374 1421 1606 1481 saepissime
1638 1422 1735 1464 haec
1767 1437 1818 1464 ex
1852 1433 1912 1464 eo'
1932 1430 2022 1465 orta
2057 1429 2164 1473 sunt,
2207 1422 2318 1481 quod

326 1502 529 1561 ‘scriptor
576 1502 861 1561 expeditiorem
910 1510 950 1545 et
995 1502 1046 1545 ad
1094 1503 1392 1562 intelligendum
1440 1502 1653 1545 faciliorem
1704 1502 1873 1545 reddere
1922 1485 2046 1546 voluit
2077 1503 2314 1553 orationem,

355 1596 482 1642 quum
504 1581 765 1642 diligentioris
786 1581 1065 1643 descriptionis
1087 1598 1231 1629 caussa
1255 1589 1312 1628 tot
1328 1582 1534 1642 interjecta
1551 1582 1643 1635 sint,
1665 1589 1710 1629 ut
1729 1582 1919 1643 primaria
1936 1597 2044 1643 pars,
2064 1582 2099 1628 si
2114 1582 2316 1628 sententia

354 1663 404 1707 ad
422 1677 620 1727 vnormam
649 1663 935 1724 grammaticae
965 1663 1204 1709 severiorem
1237 1663 1287 1708 ad
1318 1664 1441 1709 finem
1463 1678 1595 1723 usque
1617 1662 1812 1724 perducta
1835 1673 1955 1715 esset,
1981 1663 2033 1708 ab
2055 1663 2318 1708 antecedente

354 1745 561 1805 participio
610 1745 634 1788 l.
677 1745 915 1790 secundaria
948 1745 1226 1790 enunciatioue
1258 1746 1448 1790 remotior
1479 1744 1617 1789 futura
1651 1744 1797 1789 fuisset
1829 1745 1883 1788 ob
1916 1760 2087 1805 eamque
2119 1759 2206 1789 rem
2240 1761 2318 1805 pe-

355 1825 493 1871 riodus
527 1826 742 1870 molestior.
792 1825 869 1870 Cui
902 1826 1194 1886 perspicuitatis
1227 1827 1359 1872 studio
1393 1826 1565 1886 scriptor
1598 1826 1651 1870 ihi
1686 1841 1851 1885 quoque
1882 1827 2103 1878 inservivit,
2139 1827 2209 1871 ubi
2244 1842 2317 1870 se-

354 1905 594 1951 cundarium
629 1906 721 1951 illud
756 1906 984 1951 membrum
1016 1907 1199 1952 absoluta
1232 1906 1358 1951 forma
1391 1906 1586 1967 repetivit,
1622 1915 1667 1951 ut
1699 1907 1764 1958 111,
1804 1909 1861 1950 53
1884 1909 1945 1964 ⁵).

475 1987 734 2047 Participium
767 1989 1027 2047 conjunctum
1061 2003 1084 2032 a
1128 1988 1252 2032 verbo
1283 1988 1521 2031 destitutum
1554 1988 1733 2031 occurrit
1764 1988 1829 2038 111,
1874 1991 1974 2039 108,
2010 1994 2092 2030 καί
2119 2004 2211 2037 κως
2242 1992 2319 2032 τοῦ

357 2067 487 2111 θείου
529 2065 557 2124 ἦ
597 2074 803 2126 προνοίη,
839 2063 992 2129 ὥσπερ
1024 2072 1099 2111 καὶ
1133 2066 1257 2116 οἰκός
1287 2066 1390 2121 ἐστι,
1425 2065 1562 2111 ἐοῦσα
1596 2069 1731 2125 σοφή,
1766 2063 1852 2111 ὅσα
1885 2071 1971 2123 μὲν
2005 2069 2135 2128 (γάρ)
2169 2071 2319 2127 ψυχήν

352 2163 395 2191 τε
447 2147 575 2191 δειλὰ
623 2152 698 2192 καὶ
754 2147 981 2206 ἐδώδιμα,
1043 2151 1172 2192 ταῦτα
1219 2151 1307 2205 μὲν
1355 2147 1498 2191 πάντα
1548 2149 1785 2205 πολύγονα
1831 2154 2062 2207 πεποίηκε.
2136 2148 2203 2194 Sic
2252 2149 2315 2202 D..

353 2229 441 2280 Lh„
493 2228 579 2279 Kr„
632 2229 693 2273 St.
759 2230 952 2274 Videmus
999 2230 1130 2291 igitur,
1175 2228 1273 2273 >illud
1317 2227 1406 2288 γάρ
1438 2229 1548 2273 viros
1580 2229 1721 2274 doctos
1754 2229 1983 2281 offendisse,
2019 2244 2143 2291 quam
2178 2245 2317 2276 vocem

352 2310 441 2366 Joh.
476 2320 517 2354 et
548 2312 626 2355 Ab.
660 2312 897 2355 omiserunt.
953 2312 1086 2355 Scliw.
1120 2318 1255 2354 autem
1289 2319 1328 2354 et
1362 2310 1433 2370 Sg.
1467 2310 1729 2356 Schaeferum
1764 2311 1903 2363 secuti,
1940 2319 1986 2355 ut
2019 2311 2151 2357 locum
2183 2327 2315 2373 expe-

352 2392 496 2443 dirent,
541 2393 657 2436 aliam
699 2393 987 2437 vocabulorum
1020 2392 1313 2437 distinctionem
1347 2391 1611 2436 instituerunt
1643 2407 1801 2435 comma
1835 2400 1926 2451 post
1960 2392 2086 2441 οἶκός
2117 2402 2315 2453 ponentes

351 2481 390 2515 et
423 2482 513 2531 post
548 2473 668 2529 σοφή
700 2473 1044 2532 interpungentes,
1079 2487 1161 2530 quo
1193 2472 1250 2521 fit,
1286 2480 1331 2515 ut
1363 2470 1451 2514 ἐστι
1483 2472 1534 2514 ad
1567 2471 1703 2514 ἐοῦσα
1735 2472 1949 2516 referatur.
2004 2473 2138 2525 Quam
2172 2483 2318 2520 struc-v

352 2562 485 2597 turam
525 2554 811 2612 grammaticae
852 2554 995 2597 rationi
1029 2568 1109 2596 non
1130 2566 1381 2611 repugnare,
1415 2553 1593 2596 concedo
1626 2568 1708 2595 non
1742 2560 1825 2596 tam
1859 2553 1946 2597 loro
1979 2555 2043 2604 ΙΙΙ,
2084 2555 2155 2605 49,
2191 2572 2314 2613 quem

353 2631 487 2684 Schw‚
525 2640 565 2678 et
597 2632 668 2694 Sg.
703 2633 927 2679 attulerunt
958 2635 1163 2693 quemque
1195 2631 1394 2676 incertum
1428 2645 1518 2675 esse
1549 2630 1793 2677 editionibus
1827 2632 1931 2677 inter
1966 2648 2010 2679 se
2031 2634 2315 2695 comparandis

350 2713 541 2765 invenies,
592 2713 792 2759 adductus
840 2726 963 2774 quam
1011 2713 1077 2765 IV,
1130 2714 1201 2763 34,
1245 2707 1396 2772 ὥσπερ
1441 2715 1517 2755 καὶ
1550 2711 1685 2767 οἰκός,
1720 2720 1759 2757 et
1794 2713 1865 2757 Kr.
1900 2714 1928 2765 Ι,
1968 2716 2040 2767 56,
2079 2717 2119 2767 3,
2157 2717 2206 2771 3;
2241 2715 2314 2761 cfr.

350 2801 485 2837 tamen
520 2795 844 2854 Bernliardyum,
882 2809 972 2854 pag.
1011 2795 1110 2843 475,
1145 2793 1238 2836 adn.
1275 2796 1378 2835 508.
1433 2791 1514 2835 Sed
1547 2792 1633 2852 ipse
1666 2808 1812 2837 vocum
1848 2810 2007 2847 sensus,
2044 2796 2114 2856 qui
2146 2797 2201 2840 ita
2234 2811 2314 2840 ex-

455 2951 487 2995 ὅ)
514 2950 622 2997 Apud
656 2949 863 2986 Ciceronem
893 2962 1037 2998 quoque
1070 2950 1135 2985 hoc
1175 2961 1286 2996 genus
1323 2949 1614 2997 deprehenditur,
1656 2951 1760 2988 Tusc.
1803 2952 1866 2995 111,
1897 2950 1957 2998 17,
1987 2950 2051 2995 36,
2080 2953 2315 3000 Pythaqoras

348 3013 437 3050 mihi
479 3014 513 3050 si
546 3014 678 3051 diceret
710 3018 779 3051 aut
814 3015 980 3052 Socrates
1013 3016 1080 3050 aut
1113 3014 1238 3050 Plato:
1276 3013 1373 3059 Quid
1389 3013 1519 3058 jaces?
1554 3036 1604 3042 —
1631 3038 1696 3059 —,
1722 3015 1895 3062 primaria
1921 3020 2040 3052 autem
2067 3017 2270 3053 enunciatio
2297 3023 2315 3062 ξ

349 3074 398 3112 37
432 3076 521 3113 latet
553 3076 592 3113 in
625 3077 772 3114 vocibus
797 3088 914 3124 pareo
945 3087 1076 3124 sequor
1104 3099 1164 3118 -‚
1192 3086 1284 3123 quae
1309 3075 1415 3112 aliam
1441 3075 1638 3124 respiciunt
1663 3077 1950 3115 enunciationem
1978 3079 2223 3117 secundariam
2251 3079 2316 3117 Ad

346 3141 433 3177 haec
460 3141 554 3177 bona
579 3153 633 3177 me
659 3143 693 3177 si
719 3152 876 3185 revocas,
903 3128 1076 3186 Epicure,
1103 3141 1140 3174 in
1167 3152 1271 3185 quem
1299 3135 1415 3174 locum
1442 3140 1514 3182 cfr„
1536 3140 1757 3176 Tischerum.
