<?xml version="1.0" encoding="UTF-8"?>
<!DOCTYPE html PUBLIC "-//W3C//DTD XHTML 1.0 Transitional//EN"
    "http://www.w3.org/TR/xhtml1/DTD/xhtml1-transitional.dtd">
<html xmlns="http://www.w3.org/1999/xhtml" xml:lang="en" lang="en">
 <head>
  <title>
</title>
<meta http-equiv="Content-Type" content="text/html;charset=utf-8" />
  <meta name='ocr-system' content='tesseract 3.04.00' />
  <meta name='ocr-capabilities' content='ocr_page ocr_carea ocr_par ocr_line ocrx_word'/>
</head>
<body>
  <div class='ocr_page' id='page_1' title='image "./4771381_0077.png"; bbox 0 0 2941 3765; ppageno 0'>
   <div class='ocr_carea' id='block_1_1' title="bbox 991 313 2299 380">
    <p class='ocr_par' dir='ltr' id='par_1_1' title="bbox 991 313 2299 380">
     <span class='ocr_line' id='line_1_1' title="bbox 991 313 2299 380; baseline -0.006 -18"><span class='ocrx_word' id='word_1_1' title='bbox 991 329 1038 362; x_wconf 87' lang='lat' dir='ltr'>De</span> <span class='ocrx_word' id='word_1_2' title='bbox 1061 329 1271 362; x_wconf 76' lang='lat' dir='ltr'>anacoluthis</span> <span class='ocrx_word' id='word_1_3' title='bbox 1295 329 1508 363; x_wconf 83' lang='lat' dir='ltr'>Herodoteis.</span> <span class='ocrx_word' id='word_1_4' title='bbox 2172 313 2231 355; x_wconf 82' lang='grc'>65</span> <span class='ocrx_word' id='word_1_5' title='bbox 2297 378 2299 380; x_wconf 66' lang='lat'>‚</span> 
     </span>
    </p>
   </div>
   <div class='ocr_carea' id='block_1_2' title="bbox 265 434 2238 1544">
    <p class='ocr_par' dir='ltr' id='par_1_2' title="bbox 273 434 2232 737">
     <span class='ocr_line' id='line_1_2' title="bbox 273 434 2224 495; baseline 0 -15"><span class='ocrx_word' id='word_1_6' title='bbox 273 435 382 492; x_wconf 81' lang='grc' dir='ltr'><em>ὖμῖν</em></span> <span class='ocrx_word' id='word_1_7' title='bbox 414 436 460 480; x_wconf 74' lang='grc' dir='ltr'>δὲ</span> <span class='ocrx_word' id='word_1_8' title='bbox 496 436 551 493; x_wconf 75' lang='grc' dir='ltr'>δή</span> <span class='ocrx_word' id='word_1_9' title='bbox 584 441 658 481; x_wconf 84' lang='grc' dir='ltr'>καὶ</span> <span class='ocrx_word' id='word_1_10' title='bbox 692 437 768 481; x_wconf 71' lang='grc' dir='ltr'>δια</span> <span class='ocrx_word' id='word_1_11' title='bbox 800 439 980 481; x_wconf 81' lang='grc' dir='ltr'><em>πάντων</em></span> <span class='ocrx_word' id='word_1_12' title='bbox 1005 434 1160 494; x_wconf 78' lang='grc' dir='ltr'><em>ἥκιστα</em></span> <span class='ocrx_word' id='word_1_13' title='bbox 1182 438 1368 481; x_wconf 79' lang='grc' dir='ltr'><em>πολλῶν</em></span> <span class='ocrx_word' id='word_1_14' title='bbox 1391 437 1569 482; x_wconf 72' lang='grc' dir='ltr'><em>εἵνεκεν.</em></span> <span class='ocrx_word' id='word_1_15' title='bbox 1626 437 1730 482; x_wconf 81' lang='lat' dir='ltr'>Haec</span> <span class='ocrx_word' id='word_1_16' title='bbox 1753 444 1816 482; x_wconf 91' lang='lat' dir='ltr'>est</span> <span class='ocrx_word' id='word_1_17' title='bbox 1838 436 2224 495; x_wconf 79' lang='lat' dir='ltr'>Schweighaeuseri,</span> 
     </span>
     <span class='ocr_line' id='line_1_3' title="bbox 275 515 2228 579; baseline 0 -19"><span class='ocrx_word' id='word_1_18' title='bbox 275 515 444 577; x_wconf 81' lang='lat' dir='ltr'>Stegeri,</span> <span class='ocrx_word' id='word_1_19' title='bbox 481 517 690 578; x_wconf 79' lang='lat' dir='ltr'>Kruegeri,</span> <span class='ocrx_word' id='word_1_20' title='bbox 725 517 865 562; x_wconf 87' lang='lat' dir='ltr'>Steinii</span> <span class='ocrx_word' id='word_1_21' title='bbox 899 517 1111 578; x_wconf 86' lang='lat' dir='ltr'>scriptura,</span> <span class='ocrx_word' id='word_1_22' title='bbox 1147 530 1199 560; x_wconf 89' lang='lat' dir='ltr'>ex</span> <span class='ocrx_word' id='word_1_23' title='bbox 1230 517 1380 579; x_wconf 74' lang='lat' dir='ltr'>quibus</span> <span class='ocrx_word' id='word_1_24' title='bbox 1412 517 1484 562; x_wconf 87' lang='lat' dir='ltr'>Kr.</span> <span class='ocrx_word' id='word_1_25' title='bbox 1517 518 1568 562; x_wconf 87' lang='lat' dir='ltr'>ad</span> <span class='ocrx_word' id='word_1_26' title='bbox 1600 517 1908 578; x_wconf 70' lang='lat' dir='ltr'>grammaticam</span> <span class='ocrx_word' id='word_1_27' title='bbox 1941 530 2057 561; x_wconf 90' lang='lat' dir='ltr'>suam</span> <span class='ocrx_word' id='word_1_28' title='bbox 2090 517 2119 568; x_wconf 88' lang='grc' dir='ltr'>Ι,</span> <span class='ocrx_word' id='word_1_29' title='bbox 2156 519 2228 567; x_wconf 88' lang='grc'>69,</span> 
     </span>
     <span class='ocr_line' id='line_1_4' title="bbox 278 597 2232 659; baseline 0.001 -19"><span class='ocrx_word' id='word_1_30' title='bbox 278 600 348 649; x_wconf 84' lang='grc'>53,</span> <span class='ocrx_word' id='word_1_31' title='bbox 399 597 494 640; x_wconf 88' lang='lat' dir='ltr'>adn.</span> <span class='ocrx_word' id='word_1_32' title='bbox 544 612 619 641; x_wconf 90' lang='lat' dir='ltr'>nos</span> <span class='ocrx_word' id='word_1_33' title='bbox 659 598 866 659; x_wconf 78' lang='lat' dir='ltr'>delegavit.</span> <span class='ocrx_word' id='word_1_34' title='bbox 932 597 1021 640; x_wconf 88' lang='lat' dir='ltr'>Joh.</span> <span class='ocrx_word' id='word_1_35' title='bbox 1065 604 1199 641; x_wconf 87' lang='lat' dir='ltr'>autem</span> <span class='ocrx_word' id='word_1_36' title='bbox 1241 604 1281 640; x_wconf 89' lang='lat' dir='ltr'>et</span> <span class='ocrx_word' id='word_1_37' title='bbox 1312 598 1361 641; x_wconf 89' lang='lat' dir='ltr'>D.</span> <span class='ocrx_word' id='word_1_38' title='bbox 1394 606 1434 641; x_wconf 89' lang='lat' dir='ltr'>et</span> <span class='ocrx_word' id='word_1_39' title='bbox 1466 599 1543 641; x_wconf 83' lang='lat' dir='ltr'>Ab.</span> <span class='ocrx_word' id='word_1_40' title='bbox 1576 599 1810 642; x_wconf 89' lang='lat' dir='ltr'>Werferum</span> <span class='ocrx_word' id='word_1_41' title='bbox 1843 605 2061 657; x_wconf 75' lang='lat' dir='ltr'>sequentes</span> <span class='ocrx_word' id='word_1_42' title='bbox 2093 598 2232 657; x_wconf 77' lang='lat' dir='ltr'>legunt</span> 
     </span>
     <span class='ocr_line' id='line_1_5' title="bbox 276 661 820 737; baseline 0.004 -17"><span class='ocrx_word' id='word_1_43' title='bbox 276 661 329 721; x_wconf 40' lang='lat'>0⁸23</span> <span class='ocrx_word' id='word_1_44' title='bbox 359 684 403 720; x_wconf 82' lang='grc' dir='ltr'>τί</span> <span class='ocrx_word' id='word_1_45' title='bbox 430 695 482 734; x_wconf 81' lang='grc' dir='ltr'>γε</span> <span class='ocrx_word' id='word_1_46' title='bbox 517 694 590 737; x_wconf 91' lang='lat' dir='ltr'>pro</span> <span class='ocrx_word' id='word_1_47' title='bbox 623 677 721 721; x_wconf 70' lang='grc' dir='ltr'><em>οὔτε</em></span> <span class='ocrx_word' id='word_1_48' title='bbox 754 696 820 734; x_wconf 75' lang='grc' dir='ltr'>γε.</span> 
     </span>
    </p>

    <p class='ocr_par' dir='ltr' id='par_1_3' title="bbox 275 754 2232 1059">
     <span class='ocr_line' id='line_1_6' title="bbox 396 754 2232 819; baseline -0.001 -15"><span class='ocrx_word' id='word_1_49' title='bbox 396 759 501 804; x_wconf 88' lang='lat' dir='ltr'>Tum</span> <span class='ocrx_word' id='word_1_50' title='bbox 533 767 625 818; x_wconf 91' lang='lat' dir='ltr'>post</span> <span class='ocrx_word' id='word_1_51' title='bbox 659 759 751 804; x_wconf 82' lang='lat' dir='ltr'>illud</span> <span class='ocrx_word' id='word_1_52' title='bbox 786 767 832 804; x_wconf 72' lang='grc' dir='ltr'><em>τὲ</em></span> <span class='ocrx_word' id='word_1_53' title='bbox 862 760 1045 819; x_wconf 87' lang='lat' dir='ltr'>sequitur</span> <span class='ocrx_word' id='word_1_54' title='bbox 1079 754 1199 812; x_wconf 57' lang='lat'>06³5,</span> <span class='ocrx_word' id='word_1_55' title='bbox 1233 757 1283 803; x_wconf 85' lang='lat' dir='ltr'>de</span> <span class='ocrx_word' id='word_1_56' title='bbox 1315 774 1397 817; x_wconf 91' lang='lat' dir='ltr'>quo</span> <span class='ocrx_word' id='word_1_57' title='bbox 1429 775 1507 804; x_wconf 88' lang='lat' dir='ltr'>usu</span> <span class='ocrx_word' id='word_1_58' title='bbox 1541 758 1662 804; x_wconf 86' lang='lat' dir='ltr'>adeas</span> <span class='ocrx_word' id='word_1_59' title='bbox 1684 759 1968 819; x_wconf 82' lang='lat' dir='ltr'>Hartungium,</span> <span class='ocrx_word' id='word_1_60' title='bbox 1995 758 2126 804; x_wconf 85' lang='lat' dir='ltr'>Lehre</span> <span class='ocrx_word' id='word_1_61' title='bbox 2153 775 2232 804; x_wconf 80' lang='lat' dir='ltr'>von</span> 
     </span>
     <span class='ocr_line' id='line_1_7' title="bbox 275 837 2231 901; baseline -0.001 -16"><span class='ocrx_word' id='word_1_62' title='bbox 275 839 314 885; x_wconf 90' lang='lat' dir='ltr'>d.</span> <span class='ocrx_word' id='word_1_63' title='bbox 363 839 580 891; x_wconf 66' lang='lat' dir='ltr'>Pardkeln,</span> <span class='ocrx_word' id='word_1_64' title='bbox 630 838 743 885; x_wconf 89' lang='lat' dir='ltr'>Tom.</span> <span class='ocrx_word' id='word_1_65' title='bbox 786 840 814 893; x_wconf 90' lang='lat' dir='ltr'>l,</span> <span class='ocrx_word' id='word_1_66' title='bbox 861 856 950 901; x_wconf 84' lang='lat' dir='ltr'>pag.</span> <span class='ocrx_word' id='word_1_67' title='bbox 987 843 1091 893; x_wconf 86' lang='grc'>209,</span> <span class='ocrx_word' id='word_1_68' title='bbox 1127 845 1167 883; x_wconf 91' lang='lat' dir='ltr'>et</span> <span class='ocrx_word' id='word_1_69' title='bbox 1199 837 1397 884; x_wconf 85' lang='lat' dir='ltr'>Klotzium</span> <span class='ocrx_word' id='word_1_70' title='bbox 1431 838 1471 884; x_wconf 89' lang='lat' dir='ltr'>in</span> <span class='ocrx_word' id='word_1_71' title='bbox 1503 839 1731 892; x_wconf 84' lang='lat' dir='ltr'>Devarium,</span> <span class='ocrx_word' id='word_1_72' title='bbox 1767 838 1881 885; x_wconf 89' lang='lat' dir='ltr'>Tom.</span> <span class='ocrx_word' id='word_1_73' title='bbox 1916 840 1963 892; x_wconf 90' lang='grc' dir='ltr'>ΙΙ,</span> <span class='ocrx_word' id='word_1_74' title='bbox 1999 854 2090 900; x_wconf 84' lang='lat' dir='ltr'>pag.</span> <span class='ocrx_word' id='word_1_75' title='bbox 2127 838 2231 886; x_wconf 74' lang='lat'><strong>742.</strong></span> 
     </span>
     <span class='ocr_line' id='line_1_8' title="bbox 275 915 2231 980; baseline -0.001 -16"><span class='ocrx_word' id='word_1_76' title='bbox 275 919 364 966; x_wconf 86' lang='lat' dir='ltr'>Huc</span> <span class='ocrx_word' id='word_1_77' title='bbox 396 920 568 980; x_wconf 78' lang='lat' dir='ltr'>pertinet</span> <span class='ocrx_word' id='word_1_78' title='bbox 602 920 667 972; x_wconf 82' lang='lat' dir='ltr'>Vl,</span> <span class='ocrx_word' id='word_1_79' title='bbox 703 923 743 971; x_wconf 87' lang='grc'>9,</span> <span class='ocrx_word' id='word_1_80' title='bbox 770 947 831 953; x_wconf 95' lang='grc'>-</span> <span class='ocrx_word' id='word_1_81' title='bbox 855 945 916 952; x_wconf 85' lang='grc'>-·</span> <span class='ocrx_word' id='word_1_82' title='bbox 938 919 1280 976; x_wconf 65' lang='grc' dir='ltr'>ἐπαγγείλασθε</span> <span class='ocrx_word' id='word_1_83' title='bbox 1303 918 1420 972; x_wconf 68' lang='grc' dir='ltr'><em>τάδε,</em></span> <span class='ocrx_word' id='word_1_84' title='bbox 1444 917 1507 968; x_wconf 79' lang='grc' dir='ltr'>(ὗς</span> <span class='ocrx_word' id='word_1_85' title='bbox 1527 926 1756 963; x_wconf 69' lang='grc' dir='ltr'><em>πείσονταί</em></span> <span class='ocrx_word' id='word_1_86' title='bbox 1776 935 1815 962; x_wconf 66' lang='grc' dir='ltr'>τε</span> <span class='ocrx_word' id='word_1_87' title='bbox 1843 918 1977 978; x_wconf 79' lang='grc' dir='ltr'><em>ἄχαρι</em></span> <span class='ocrx_word' id='word_1_88' title='bbox 2002 915 2133 964; x_wconf 70' lang='grc' dir='ltr'><em>οὔδ’ὲν</em></span> <span class='ocrx_word' id='word_1_89' title='bbox 2156 946 2231 974; x_wconf 84' lang='grc'>--,</span> 
     </span>
     <span class='ocr_line' id='line_1_9' title="bbox 275 997 1875 1059; baseline -0.001 -14"><span class='ocrx_word' id='word_1_90' title='bbox 275 998 381 1045; x_wconf 77' lang='grc' dir='ltr'>οὕδὲ</span> <span class='ocrx_word' id='word_1_91' title='bbox 412 1015 491 1058; x_wconf 85' lang='grc' dir='ltr'>σφι</span> <span class='ocrx_word' id='word_1_92' title='bbox 525 999 621 1044; x_wconf 75' lang='grc' dir='ltr'><em>οὔτε</em></span> <span class='ocrx_word' id='word_1_93' title='bbox 654 1003 706 1044; x_wconf 71' lang='grc' dir='ltr'>τά</span> <span class='ocrx_word' id='word_1_94' title='bbox 740 1001 815 1057; x_wconf 71' lang='grc' dir='ltr'><em>ἱρὰ</em></span> <span class='ocrx_word' id='word_1_95' title='bbox 850 999 948 1045; x_wconf 79' lang='grc' dir='ltr'><em>οὔτε</em></span> <span class='ocrx_word' id='word_1_96' title='bbox 980 1004 1032 1045; x_wconf 76' lang='grc' dir='ltr'>τὰ</span> <span class='ocrx_word' id='word_1_97' title='bbox 1068 1000 1161 1044; x_wconf 78' lang='grc' dir='ltr'><em>ἴδια</em></span> <span class='ocrx_word' id='word_1_98' title='bbox 1194 999 1536 1059; x_wconf 79' lang='grc' dir='ltr'>ἐμπεπρήσεται,</span> <span class='ocrx_word' id='word_1_99' title='bbox 1571 997 1672 1045; x_wconf 74' lang='grc' dir='ltr'>οῦδὲ</span> <span class='ocrx_word' id='word_1_100' title='bbox 1706 1026 1769 1033; x_wconf 92' lang='lat'>—</span> <span class='ocrx_word' id='word_1_101' title='bbox 1801 1027 1875 1044; x_wconf 89' lang='lat'>—.</span> 
     </span>
    </p>

    <p class='ocr_par' dir='ltr' id='par_1_4' title="bbox 265 1081 2238 1544">
     <span class='ocr_line' id='line_1_10' title="bbox 397 1081 2233 1138; baseline 0 -13"><span class='ocrx_word' id='word_1_102' title='bbox 397 1082 509 1126; x_wconf 79' lang='lat' dir='ltr'>Sunt</span> <span class='ocrx_word' id='word_1_103' title='bbox 530 1095 691 1138; x_wconf 80' lang='lat' dir='ltr'>quoque</span> <span class='ocrx_word' id='word_1_104' title='bbox 713 1082 807 1136; x_wconf 80' lang='lat' dir='ltr'>Ioci,</span> <span class='ocrx_word' id='word_1_105' title='bbox 828 1081 900 1124; x_wconf 78' lang='lat' dir='ltr'>ubi</span> <span class='ocrx_word' id='word_1_106' title='bbox 922 1083 1103 1125; x_wconf 81' lang='lat' dir='ltr'>duorum</span> <span class='ocrx_word' id='word_1_107' title='bbox 1124 1081 1408 1124; x_wconf 78' lang='lat' dir='ltr'>membrorum</span> <span class='ocrx_word' id='word_1_108' title='bbox 1430 1082 1670 1134; x_wconf 75' lang='lat' dir='ltr'>conjunctio</span> <span class='ocrx_word' id='word_1_109' title='bbox 1687 1085 1870 1137; x_wconf 79' lang='lat' dir='ltr'>propter</span> <span class='ocrx_word' id='word_1_110' title='bbox 1892 1096 1955 1136; x_wconf 79' lang='lat' dir='ltr'>ea,</span> <span class='ocrx_word' id='word_1_111' title='bbox 1972 1096 2079 1138; x_wconf 81' lang='lat' dir='ltr'>quae</span> <span class='ocrx_word' id='word_1_112' title='bbox 2096 1084 2233 1126; x_wconf 76' lang='lat' dir='ltr'>inter-</span> 
     </span>
     <span class='ocr_line' id='line_1_11' title="bbox 265 1159 2236 1222; baseline -0.001 -16"><span class='ocrx_word' id='word_1_113' title='bbox 265 1163 388 1216; x_wconf 85' lang='lat' dir='ltr'>jecta</span> <span class='ocrx_word' id='word_1_114' title='bbox 412 1165 525 1216; x_wconf 79' lang='lat' dir='ltr'>sunt,</span> <span class='ocrx_word' id='word_1_115' title='bbox 550 1175 644 1205; x_wconf 83' lang='lat' dir='ltr'>cum</span> <span class='ocrx_word' id='word_1_116' title='bbox 670 1163 933 1217; x_wconf 79' lang='lat' dir='ltr'>oppositione</span> <span class='ocrx_word' id='word_1_117' title='bbox 958 1165 1212 1205; x_wconf 82' lang='lat' dir='ltr'>commutata</span> <span class='ocrx_word' id='word_1_118' title='bbox 1240 1163 1310 1216; x_wconf 81' lang='lat' dir='ltr'>sit,</span> <span class='ocrx_word' id='word_1_119' title='bbox 1325 1161 1390 1206; x_wconf 90' lang='lat' dir='ltr'>cui</span> <span class='ocrx_word' id='word_1_120' title='bbox 1407 1161 1463 1204; x_wconf 88' lang='lat' dir='ltr'>rei</span> <span class='ocrx_word' id='word_1_121' title='bbox 1480 1162 1659 1222; x_wconf 87' lang='lat' dir='ltr'>exempla</span> <span class='ocrx_word' id='word_1_122' title='bbox 1678 1162 1896 1222; x_wconf 86' lang='lat' dir='ltr'>praebeant</span> <span class='ocrx_word' id='word_1_123' title='bbox 1913 1164 1958 1213; x_wconf 89' lang='lat' dir='ltr'>ll,</span> <span class='ocrx_word' id='word_1_124' title='bbox 1987 1164 2086 1213; x_wconf 73' lang='grc'>104,</span> <span class='ocrx_word' id='word_1_125' title='bbox 2106 1159 2236 1210; x_wconf 71' lang='grc' dir='ltr'><em>αὐτὸς</em></span> 
     </span>
     <span class='ocr_line' id='line_1_12' title="bbox 276 1238 2234 1299; baseline -0.001 -14"><span class='ocrx_word' id='word_1_126' title='bbox 276 1242 322 1285; x_wconf 78' lang='grc' dir='ltr'>δὲ</span> <span class='ocrx_word' id='word_1_127' title='bbox 350 1243 508 1289; x_wconf 71' lang='grc' dir='ltr'><em>εἴκασα</em></span> <span class='ocrx_word' id='word_1_128' title='bbox 531 1241 646 1298; x_wconf 80' lang='grc' dir='ltr'><em>τῇδε,</em></span> <span class='ocrx_word' id='word_1_129' title='bbox 674 1246 747 1283; x_wconf 81' lang='grc' dir='ltr'>καὶ</span> <span class='ocrx_word' id='word_1_130' title='bbox 775 1238 840 1284; x_wconf 76' lang='grc' dir='ltr'>ὅτι</span> <span class='ocrx_word' id='word_1_131' title='bbox 868 1244 1149 1298; x_wconf 71' lang='grc' dir='ltr'><em>μελάγχροὲς</em></span> <span class='ocrx_word' id='word_1_132' title='bbox 1174 1239 1259 1283; x_wconf 78' lang='grc' dir='ltr'><em>εἶσι</em></span> <span class='ocrx_word' id='word_1_133' title='bbox 1283 1246 1358 1283; x_wconf 84' lang='grc' dir='ltr'>καὶ</span> <span class='ocrx_word' id='word_1_134' title='bbox 1384 1238 1646 1299; x_wconf 69' lang='grc' dir='ltr'><em>οὖλότριχες.</em></span> <span class='ocrx_word' id='word_1_135' title='bbox 1673 1248 1748 1284; x_wconf 84' lang='grc' dir='ltr'>καὶ</span> <span class='ocrx_word' id='word_1_136' title='bbox 1773 1245 1899 1285; x_wconf 73' lang='grc' dir='ltr'><em>τοῦτο</em></span> <span class='ocrx_word' id='word_1_137' title='bbox 1925 1247 2012 1296; x_wconf 77' lang='grc' dir='ltr'>μὲν</span> <span class='ocrx_word' id='word_1_138' title='bbox 2038 1242 2081 1291; x_wconf 72' lang='grc' dir='ltr'>ἐς</span> <span class='ocrx_word' id='word_1_139' title='bbox 2104 1238 2234 1285; x_wconf 76' lang='grc' dir='ltr'><em>οὖδὲν</em></span> 
     </span>
     <span class='ocr_line' id='line_1_13' title="bbox 276 1313 2238 1379; baseline 0 -15"><span class='ocrx_word' id='word_1_140' title='bbox 276 1318 431 1378; x_wconf 68' lang='grc' dir='ltr'><em>ἀνήκει</em></span> <span class='ocrx_word' id='word_1_141' title='bbox 449 1338 460 1348; x_wconf 87' lang='grc'><em>·</em></span> <span class='ocrx_word' id='word_1_142' title='bbox 485 1320 568 1364; x_wconf 78' lang='grc' dir='ltr'><em>εἶσὶ</em></span> <span class='ocrx_word' id='word_1_143' title='bbox 592 1323 680 1378; x_wconf 77' lang='grc' dir='ltr'><em>γὰρ</em></span> <span class='ocrx_word' id='word_1_144' title='bbox 698 1325 773 1363; x_wconf 85' lang='grc' dir='ltr'>καὶ</span> <span class='ocrx_word' id='word_1_145' title='bbox 789 1320 928 1379; x_wconf 71' lang='grc' dir='ltr'><em>ἕτεροι</em></span> <span class='ocrx_word' id='word_1_146' title='bbox 946 1313 1149 1365; x_wconf 66' lang='grc' dir='ltr'><em>τοιοῦτοι.</em></span> <span class='ocrx_word' id='word_1_147' title='bbox 1167 1317 1287 1365; x_wconf 67' lang='grc' dir='ltr'>ἀλλὰ</span> <span class='ocrx_word' id='word_1_148' title='bbox 1304 1322 1467 1364; x_wconf 77' lang='grc' dir='ltr'><em>τοισίδε</em></span> <span class='ocrx_word' id='word_1_149' title='bbox 1484 1327 1558 1364; x_wconf 84' lang='grc' dir='ltr'>καὶ</span> <span class='ocrx_word' id='word_1_150' title='bbox 1573 1322 1770 1378; x_wconf 77' lang='grc' dir='ltr'><em>μᾶλλον,</em></span> <span class='ocrx_word' id='word_1_151' title='bbox 1790 1319 1855 1365; x_wconf 74' lang='grc' dir='ltr'>ὅτι</span> <span class='ocrx_word' id='word_1_152' title='bbox 1873 1325 2037 1377; x_wconf 81' lang='grc' dir='ltr'><em>μοῦνοι</em></span> <span class='ocrx_word' id='word_1_153' title='bbox 2055 1323 2238 1364; x_wconf 81' lang='grc' dir='ltr'><em>πάντων</em></span> 
     </span>
     <span class='ocr_line' id='line_1_14' title="bbox 276 1397 2236 1463; baseline -0.001 -15"><span class='ocrx_word' id='word_1_154' title='bbox 276 1399 543 1463; x_wconf 66' lang='grc' dir='ltr'><em>ἀνθρώπων</em></span> <span class='ocrx_word' id='word_1_155' title='bbox 583 1402 753 1459; x_wconf 78' lang='grc' dir='ltr'><strong><em>Κόλχοι</em></strong></span> <span class='ocrx_word' id='word_1_156' title='bbox 795 1406 869 1446; x_wconf 84' lang='grc' dir='ltr'>καὶ</span> <span class='ocrx_word' id='word_1_157' title='bbox 901 1401 1132 1459; x_wconf 79' lang='grc' dir='ltr'><em>Αἰγύπτιοι</em></span> <span class='ocrx_word' id='word_1_158' title='bbox 1164 1406 1239 1447; x_wconf 81' lang='grc' dir='ltr'>καὶ</span> <span class='ocrx_word' id='word_1_159' title='bbox 1271 1401 1492 1451; x_wconf 76' lang='grc' dir='ltr'><strong><em>Αἰθίοπες</em></strong></span> <span class='ocrx_word' id='word_1_160' title='bbox 1522 1406 1865 1462; x_wconf 78' lang='grc' dir='ltr'><em>περιτάμνονται</em></span> <span class='ocrx_word' id='word_1_161' title='bbox 1899 1397 1990 1447; x_wconf 68' lang='grc' dir='ltr'>ἀπ’</span> <span class='ocrx_word' id='word_1_162' title='bbox 2015 1397 2152 1461; x_wconf 54' lang='grc' dir='ltr'><em>ἀρχῆς</em></span> <span class='ocrx_word' id='word_1_163' title='bbox 2183 1404 2236 1447; x_wconf 70' lang='grc' dir='ltr'>τᾶ</span> 
     </span>
     <span class='ocr_line' id='line_1_15' title="bbox 276 1479 2235 1544; baseline 0 -16"><span class='ocrx_word' id='word_1_164' title='bbox 276 1482 441 1528; x_wconf 77' lang='grc' dir='ltr'><em>αἰδοῖα.</em></span> <span class='ocrx_word' id='word_1_165' title='bbox 464 1482 647 1528; x_wconf 78' lang='lat' dir='ltr'>Alterum</span> <span class='ocrx_word' id='word_1_166' title='bbox 662 1481 900 1534; x_wconf 80' lang='lat' dir='ltr'>membrum,</span> <span class='ocrx_word' id='word_1_167' title='bbox 916 1482 1023 1542; x_wconf 92' lang='lat' dir='ltr'>quod</span> <span class='ocrx_word' id='word_1_168' title='bbox 1037 1482 1089 1526; x_wconf 84' lang='lat' dir='ltr'>illi</span> <span class='ocrx_word' id='word_1_169' title='bbox 1104 1486 1179 1526; x_wconf 83' lang='grc' dir='ltr'>καὶ</span> <span class='ocrx_word' id='word_1_170' title='bbox 1198 1479 1263 1527; x_wconf 78' lang='grc' dir='ltr'>ὅτι</span> <span class='ocrx_word' id='word_1_171' title='bbox 1279 1481 1561 1541; x_wconf 66' lang='grc' dir='ltr'><em>μελάγχροες</em></span> <span class='ocrx_word' id='word_1_172' title='bbox 1575 1483 1659 1527; x_wconf 73' lang='grc' dir='ltr'><em>εἰσι</em></span> <span class='ocrx_word' id='word_1_173' title='bbox 1675 1498 1716 1527; x_wconf 75' lang='grc' dir='ltr'>κ.</span> <span class='ocrx_word' id='word_1_174' title='bbox 1736 1480 1831 1528; x_wconf 78' lang='grc' dir='ltr'><em>οὖλ.</em></span> <span class='ocrx_word' id='word_1_175' title='bbox 1850 1483 2095 1544; x_wconf 88' lang='lat' dir='ltr'>respondere</span> <span class='ocrx_word' id='word_1_176' title='bbox 2106 1483 2235 1528; x_wconf 90' lang='lat' dir='ltr'>debe-</span> 
     </span>
    </p>
   </div>
   <div class='ocr_carea' id='block_1_3' title="bbox 276 1561 2238 1944">
    <p class='ocr_par' dir='ltr' id='par_1_5' title="bbox 276 1561 2238 1944">
     <span class='ocr_line' id='line_1_16' title="bbox 277 1561 2236 1622; baseline -0.002 -14"><span class='ocrx_word' id='word_1_177' title='bbox 277 1565 357 1615; x_wconf 91' lang='lat' dir='ltr'>bat,</span> <span class='ocrx_word' id='word_1_178' title='bbox 383 1564 493 1608; x_wconf 90' lang='lat' dir='ltr'>initio</span> <span class='ocrx_word' id='word_1_179' title='bbox 514 1564 797 1608; x_wconf 86' lang='lat' dir='ltr'>convenienter</span> <span class='ocrx_word' id='word_1_180' title='bbox 823 1563 879 1606; x_wconf 88' lang='lat' dir='ltr'>sic</span> <span class='ocrx_word' id='word_1_181' title='bbox 896 1571 981 1606; x_wconf 86' lang='lat' dir='ltr'>erat</span> <span class='ocrx_word' id='word_1_182' title='bbox 998 1564 1181 1622; x_wconf 73' lang='lat' dir='ltr'>scriptori</span> <span class='ocrx_word' id='word_1_183' title='bbox 1198 1564 1489 1607; x_wconf 81' lang='lat' dir='ltr'>instituendum</span> <span class='ocrx_word' id='word_1_184' title='bbox 1506 1568 1580 1606; x_wconf 77' lang='grc' dir='ltr'>καῑ</span> <span class='ocrx_word' id='word_1_185' title='bbox 1604 1561 1668 1606; x_wconf 78' lang='grc' dir='ltr'>ὅτι</span> <span class='ocrx_word' id='word_1_186' title='bbox 1690 1568 1856 1619; x_wconf 80' lang='grc' dir='ltr'><em>μοῦνοι</em></span> <span class='ocrx_word' id='word_1_187' title='bbox 1880 1567 2059 1606; x_wconf 79' lang='grc' dir='ltr'><em>πάντων</em></span> <span class='ocrx_word' id='word_1_188' title='bbox 2080 1590 2143 1596; x_wconf 93' lang='lat'><em>-</em></span> <span class='ocrx_word' id='word_1_189' title='bbox 2161 1590 2236 1616; x_wconf 88' lang='lat'>-,</span> 
     </span>
     <span class='ocr_line' id='line_1_17' title="bbox 277 1639 2237 1704; baseline -0.001 -15"><span class='ocrx_word' id='word_1_190' title='bbox 277 1645 349 1689; x_wconf 85' lang='lat' dir='ltr'>sed</span> <span class='ocrx_word' id='word_1_191' title='bbox 380 1652 545 1704; x_wconf 81' lang='lat' dir='ltr'>propter</span> <span class='ocrx_word' id='word_1_192' title='bbox 576 1644 825 1702; x_wconf 84' lang='lat' dir='ltr'>interjectam</span> <span class='ocrx_word' id='word_1_193' title='bbox 858 1644 962 1687; x_wconf 89' lang='lat' dir='ltr'>illam</span> <span class='ocrx_word' id='word_1_194' title='bbox 996 1644 1235 1688; x_wconf 85' lang='lat' dir='ltr'>sententiam</span> <span class='ocrx_word' id='word_1_195' title='bbox 1268 1648 1343 1686; x_wconf 84' lang='grc' dir='ltr'>καὶ</span> <span class='ocrx_word' id='word_1_196' title='bbox 1377 1646 1499 1687; x_wconf 72' lang='grc' dir='ltr'><em>τοῦτο</em></span> <span class='ocrx_word' id='word_1_197' title='bbox 1532 1647 1620 1698; x_wconf 74' lang='grc' dir='ltr'>μὲν</span> <span class='ocrx_word' id='word_1_198' title='bbox 1652 1643 1695 1692; x_wconf 77' lang='grc' dir='ltr'>ἐς</span> <span class='ocrx_word' id='word_1_199' title='bbox 1726 1639 1857 1687; x_wconf 74' lang='grc' dir='ltr'><em>οῦδὲν</em></span> <span class='ocrx_word' id='word_1_200' title='bbox 1890 1640 2045 1701; x_wconf 69' lang='grc' dir='ltr'><em>ἀνήκει</em></span> <span class='ocrx_word' id='word_1_201' title='bbox 2079 1671 2142 1677; x_wconf 86' lang='grc'>-</span> <span class='ocrx_word' id='word_1_202' title='bbox 2164 1645 2237 1689; x_wconf 81' lang='lat' dir='ltr'>alia</span> 
     </span>
     <span class='ocr_line' id='line_1_18' title="bbox 276 1720 2237 1784; baseline 0.001 -16"><span class='ocrx_word' id='word_1_203' title='bbox 276 1732 486 1784; x_wconf 86' lang='lat' dir='ltr'>assumpta</span> <span class='ocrx_word' id='word_1_204' title='bbox 525 1731 587 1768; x_wconf 90' lang='lat' dir='ltr'>est</span> <span class='ocrx_word' id='word_1_205' title='bbox 629 1724 876 1768; x_wconf 81' lang='lat' dir='ltr'>constructio</span> <span class='ocrx_word' id='word_1_206' title='bbox 911 1720 1029 1766; x_wconf 71' lang='grc' dir='ltr'>ἀλλὰ</span> <span class='ocrx_word' id='word_1_207' title='bbox 1061 1724 1224 1767; x_wconf 58' lang='lat' dir='ltr'>rotata·</span> <span class='ocrx_word' id='word_1_208' title='bbox 1259 1749 1320 1756; x_wconf 90' lang='lat'><strong>—</strong></span> <span class='ocrx_word' id='word_1_209' title='bbox 1355 1750 1429 1776; x_wconf 89' lang='lat'>—‚</span> <span class='ocrx_word' id='word_1_210' title='bbox 1462 1738 1544 1783; x_wconf 89' lang='lat' dir='ltr'>qua</span> <span class='ocrx_word' id='word_1_211' title='bbox 1575 1723 1745 1768; x_wconf 89' lang='lat' dir='ltr'>alterum</span> <span class='ocrx_word' id='word_1_212' title='bbox 1778 1729 1860 1766; x_wconf 79' lang='grc' dir='ltr'>καί</span> <span class='ocrx_word' id='word_1_213' title='bbox 1888 1720 2130 1783; x_wconf 83' lang='lat' dir='ltr'>oppressum</span> <span class='ocrx_word' id='word_1_214' title='bbox 2162 1734 2237 1769; x_wconf 90' lang='lat' dir='ltr'>est.</span> 
     </span>
     <span class='ocr_line' id='line_1_19' title="bbox 276 1801 2238 1862; baseline 0 -14"><span class='ocrx_word' id='word_1_215' title='bbox 276 1806 341 1855; x_wconf 84' lang='grc' dir='ltr'>ΙΙΙ,</span> <span class='ocrx_word' id='word_1_216' title='bbox 387 1808 459 1855; x_wconf 88' lang='lat'>60,</span> <span class='ocrx_word' id='word_1_217' title='bbox 507 1831 567 1837; x_wconf 93' lang='lat'>-—</span> <span class='ocrx_word' id='word_1_218' title='bbox 601 1801 667 1847; x_wconf 71' lang='grc' dir='ltr'>ὅτι</span> <span class='ocrx_word' id='word_1_219' title='bbox 700 1818 779 1858; x_wconf 75' lang='grc' dir='ltr'>σφι</span> <span class='ocrx_word' id='word_1_220' title='bbox 814 1810 910 1861; x_wconf 88' lang='grc' dir='ltr'><em>τρία</em></span> <span class='ocrx_word' id='word_1_221' title='bbox 943 1803 1029 1847; x_wconf 75' lang='grc' dir='ltr'><em>ἐστὶ</em></span> <span class='ocrx_word' id='word_1_222' title='bbox 1058 1811 1250 1859; x_wconf 69' lang='grc' dir='ltr'><em>μέγιστα</em></span> <span class='ocrx_word' id='word_1_223' title='bbox 1284 1830 1343 1835; x_wconf 92' lang='grc'>-</span> <span class='ocrx_word' id='word_1_224' title='bbox 1378 1831 1437 1837; x_wconf 88' lang='grc'><strong>-</strong></span> <span class='ocrx_word' id='word_1_225' title='bbox 1472 1803 1791 1861; x_wconf 69' lang='grc' dir='ltr'>ἐξεργασμένα,</span> <span class='ocrx_word' id='word_1_226' title='bbox 1828 1801 1986 1860; x_wconf 68' lang='grc' dir='ltr'><em>οὕρεός</em></span> <span class='ocrx_word' id='word_1_227' title='bbox 2028 1822 2070 1847; x_wconf 71' lang='grc' dir='ltr'>τε</span> <span class='ocrx_word' id='word_1_228' title='bbox 2116 1804 2238 1862; x_wconf 75' lang='grc' dir='ltr'><strong><em>ὕψη-</em></strong></span> 
     </span>
     <span class='ocr_line' id='line_1_20' title="bbox 276 1877 2238 1944; baseline 0.001 -16"><span class='ocrx_word' id='word_1_229' title='bbox 276 1887 362 1931; x_wconf 82' lang='grc' dir='ltr'>λοῦ</span> <span class='ocrx_word' id='word_1_230' title='bbox 410 1913 470 1919; x_wconf 92' lang='grc'>-</span> <span class='ocrx_word' id='word_1_231' title='bbox 520 1913 595 1940; x_wconf 87' lang='lat'>—,</span> <span class='ocrx_word' id='word_1_232' title='bbox 638 1887 790 1929; x_wconf 81' lang='grc' dir='ltr'><em>τούτου</em></span> <span class='ocrx_word' id='word_1_233' title='bbox 832 1882 1014 1942; x_wconf 83' lang='grc' dir='ltr'><em>ὄρυγμα</em></span> <span class='ocrx_word' id='word_1_234' title='bbox 1036 1877 1127 1928; x_wconf 57' lang='grc'>’-.</span> <span class='ocrx_word' id='word_1_235' title='bbox 1177 1884 1276 1928; x_wconf 93' lang='lat' dir='ltr'>Post</span> <span class='ocrx_word' id='word_1_236' title='bbox 1315 1884 1487 1944; x_wconf 81' lang='lat' dir='ltr'>scriptor</span> <span class='ocrx_word' id='word_1_237' title='bbox 1526 1883 1567 1928; x_wconf 88' lang='lat' dir='ltr'>in</span> <span class='ocrx_word' id='word_1_238' title='bbox 1599 1899 1645 1928; x_wconf 87' lang='lat' dir='ltr'>ea</span> <span class='ocrx_word' id='word_1_239' title='bbox 1676 1883 1785 1928; x_wconf 85' lang='lat' dir='ltr'>fossa</span> <span class='ocrx_word' id='word_1_240' title='bbox 1817 1883 2047 1943; x_wconf 81' lang='lat' dir='ltr'>diligentius</span> <span class='ocrx_word' id='word_1_241' title='bbox 2080 1885 2238 1930; x_wconf 90' lang='lat' dir='ltr'>descri-</span> 
     </span>
    </p>
   </div>
   <div class='ocr_carea' id='block_1_4' title="bbox 272 1964 2243 2824">
    <p class='ocr_par' dir='ltr' id='par_1_6' title="bbox 272 1964 2241 2510">
     <span class='ocr_line' id='line_1_21' title="bbox 277 1964 2238 2024; baseline 0 -13"><span class='ocrx_word' id='word_1_242' title='bbox 277 1966 410 2011; x_wconf 83' lang='lat' dir='ltr'>benda</span> <span class='ocrx_word' id='word_1_243' title='bbox 450 1974 737 2017; x_wconf 82' lang='lat' dir='ltr'>commoratur,</span> <span class='ocrx_word' id='word_1_244' title='bbox 781 1980 863 2024; x_wconf 93' lang='lat' dir='ltr'>quo</span> <span class='ocrx_word' id='word_1_245' title='bbox 905 1964 1053 2010; x_wconf 81' lang='lat' dir='ltr'>factum</span> <span class='ocrx_word' id='word_1_246' title='bbox 1085 1973 1158 2016; x_wconf 88' lang='lat' dir='ltr'>est,</span> <span class='ocrx_word' id='word_1_247' title='bbox 1193 1973 1240 2009; x_wconf 86' lang='lat' dir='ltr'>ut</span> <span class='ocrx_word' id='word_1_248' title='bbox 1273 1965 1448 2023; x_wconf 86' lang='lat' dir='ltr'>primum</span> <span class='ocrx_word' id='word_1_249' title='bbox 1480 1964 1583 2009; x_wconf 82' lang='lat' dir='ltr'>iuius</span> <span class='ocrx_word' id='word_1_250' title='bbox 1616 1965 1843 2023; x_wconf 83' lang='lat' dir='ltr'>partitionis</span> <span class='ocrx_word' id='word_1_251' title='bbox 1878 1965 2107 2010; x_wconf 83' lang='lat' dir='ltr'>membrum</span> <span class='ocrx_word' id='word_1_252' title='bbox 2140 1981 2238 2011; x_wconf 93' lang='lat' dir='ltr'>mu—</span> 
     </span>
     <span class='ocr_line' id='line_1_22' title="bbox 277 2043 2240 2106; baseline 0 -14"><span class='ocrx_word' id='word_1_253' title='bbox 277 2055 361 2092; x_wconf 85' lang='lat' dir='ltr'>tata</span> <span class='ocrx_word' id='word_1_254' title='bbox 409 2046 537 2091; x_wconf 86' lang='lat' dir='ltr'>forma</span> <span class='ocrx_word' id='word_1_255' title='bbox 586 2044 691 2090; x_wconf 85' lang='lat' dir='ltr'>infra</span> <span class='ocrx_word' id='word_1_256' title='bbox 740 2054 988 2106; x_wconf 79' lang='lat' dir='ltr'>repeteretur</span> <span class='ocrx_word' id='word_1_257' title='bbox 1027 2047 1152 2089; x_wconf 86' lang='grc' dir='ltr'><em>τοῦτο</em></span> <span class='ocrx_word' id='word_1_258' title='bbox 1193 2048 1281 2101; x_wconf 75' lang='grc' dir='ltr'>μὲν</span> <span class='ocrx_word' id='word_1_259' title='bbox 1324 2044 1379 2102; x_wconf 75' lang='grc' dir='ltr'>δὴ</span> <span class='ocrx_word' id='word_1_260' title='bbox 1413 2043 1459 2087; x_wconf 76' lang='grc' dir='ltr'>ἐν</span> <span class='ocrx_word' id='word_1_261' title='bbox 1491 2047 1578 2089; x_wconf 79' lang='grc' dir='ltr'><em>ταῖν</em></span> <span class='ocrx_word' id='word_1_262' title='bbox 1610 2048 1745 2103; x_wconf 74' lang='grc' dir='ltr'><em>τριῶν</em></span> <span class='ocrx_word' id='word_1_263' title='bbox 1779 2043 1881 2099; x_wconf 77' lang='grc' dir='ltr'><em>ἐστι’,</em></span> <span class='ocrx_word' id='word_1_264' title='bbox 1915 2045 1981 2091; x_wconf 88' lang='lat' dir='ltr'>cui</span> <span class='ocrx_word' id='word_1_265' title='bbox 2014 2045 2240 2092; x_wconf 80' lang='lat' dir='ltr'>inserviunt</span> 
     </span>
     <span class='ocr_line' id='line_1_23' title="bbox 279 2122 2241 2187; baseline -0.002 -13"><span class='ocrx_word' id='word_1_266' title='bbox 279 2127 503 2174; x_wconf 91' lang='lat' dir='ltr'>secundum</span> <span class='ocrx_word' id='word_1_267' title='bbox 536 2133 575 2172; x_wconf 89' lang='lat' dir='ltr'>et</span> <span class='ocrx_word' id='word_1_268' title='bbox 606 2126 770 2172; x_wconf 88' lang='lat' dir='ltr'>tertium</span> <span class='ocrx_word' id='word_1_269' title='bbox 804 2125 1009 2184; x_wconf 78' lang='grc' dir='ltr'><em>δεύτερον</em></span> <span class='ocrx_word' id='word_1_270' title='bbox 1042 2125 1087 2170; x_wconf 74' lang='grc' dir='ltr'>δὲ</span> <span class='ocrx_word' id='word_1_271' title='bbox 1123 2152 1180 2157; x_wconf 88' lang='grc'><strong>-</strong></span> <span class='ocrx_word' id='word_1_272' title='bbox 1218 2153 1291 2180; x_wconf 89' lang='grc'>-,</span> <span class='ocrx_word' id='word_1_273' title='bbox 1325 2130 1468 2184; x_wconf 83' lang='grc' dir='ltr'><em>τρίτον</em></span> <span class='ocrx_word' id='word_1_274' title='bbox 1501 2124 1547 2170; x_wconf 75' lang='grc' dir='ltr'>δὲ</span> <span class='ocrx_word' id='word_1_275' title='bbox 1582 2152 1656 2169; x_wconf 91' lang='grc'>-.</span> <span class='ocrx_word' id='word_1_276' title='bbox 1690 2126 1793 2178; x_wconf 85' lang='lat' dir='ltr'>Vlll,</span> <span class='ocrx_word' id='word_1_277' title='bbox 1831 2126 1903 2178; x_wconf 90' lang='lat'>87,</span> <span class='ocrx_word' id='word_1_278' title='bbox 1942 2122 2011 2172; x_wconf 75' lang='grc' dir='ltr'>ὅτε</span> <span class='ocrx_word' id='word_1_279' title='bbox 2044 2129 2133 2187; x_wconf 74' lang='grc' dir='ltr'><em>γάρ</em></span> <span class='ocrx_word' id='word_1_280' title='bbox 2167 2130 2241 2186; x_wconf 79' lang='grc' dir='ltr'>τῆς</span> 
     </span>
     <span class='ocr_line' id='line_1_24' title="bbox 272 2204 2241 2267; baseline 0 -15"><span class='ocrx_word' id='word_1_281' title='bbox 272 2204 460 2264; x_wconf 73' lang='grc' dir='ltr'><em>’Λιτικῆς</em></span> <span class='ocrx_word' id='word_1_282' title='bbox 491 2210 591 2255; x_wconf 77' lang='grc' dir='ltr'><em>νεός</em></span> <span class='ocrx_word' id='word_1_283' title='bbox 619 2209 884 2265; x_wconf 80' lang='grc' dir='ltr'><em>τριήραρχος</em></span> <span class='ocrx_word' id='word_1_284' title='bbox 916 2234 974 2239; x_wconf 93' lang='grc'>-</span> <span class='ocrx_word' id='word_1_285' title='bbox 1009 2233 1068 2238; x_wconf 94' lang='grc'>-</span> <span class='ocrx_word' id='word_1_286' title='bbox 1103 2233 1160 2238; x_wconf 90' lang='grc'>-</span> <span class='ocrx_word' id='word_1_287' title='bbox 1194 2209 1307 2264; x_wconf 71' lang='grc' dir='ltr'><em>πρὸς</em></span> <span class='ocrx_word' id='word_1_288' title='bbox 1330 2204 1480 2256; x_wconf 76' lang='grc' dir='ltr'><em>ἄλλας</em></span> <span class='ocrx_word' id='word_1_289' title='bbox 1510 2205 1735 2265; x_wconf 77' lang='grc' dir='ltr'><em>ἐτράπετο,</em></span> <span class='ocrx_word' id='word_1_290' title='bbox 1770 2208 1878 2266; x_wconf 89' lang='lat' dir='ltr'>quod</span> <span class='ocrx_word' id='word_1_291' title='bbox 1904 2208 1945 2251; x_wconf 91' lang='lat' dir='ltr'>in</span> <span class='ocrx_word' id='word_1_292' title='bbox 1968 2216 2241 2267; x_wconf 79' lang='lat' dir='ltr'>consequente</span> 
     </span>
     <span class='ocr_line' id='line_1_25' title="bbox 278 2282 2239 2348; baseline -0.001 -14"><span class='ocrx_word' id='word_1_293' title='bbox 278 2288 406 2348; x_wconf 88' lang='lat' dir='ltr'>capite</span> <span class='ocrx_word' id='word_1_294' title='bbox 454 2287 510 2332; x_wconf 87' lang='lat' dir='ltr'>sic</span> <span class='ocrx_word' id='word_1_295' title='bbox 558 2286 726 2333; x_wconf 80' lang='lat' dir='ltr'>iteratur</span> <span class='ocrx_word' id='word_1_296' title='bbox 774 2288 913 2330; x_wconf 85' lang='grc' dir='ltr'><em>Τοῦτο</em></span> <span class='ocrx_word' id='word_1_297' title='bbox 946 2289 1031 2343; x_wconf 74' lang='grc' dir='ltr'>μὲν</span> <span class='ocrx_word' id='word_1_298' title='bbox 1066 2288 1232 2331; x_wconf 82' lang='grc' dir='ltr'><em>τοιοῦτο</em></span> <span class='ocrx_word' id='word_1_299' title='bbox 1267 2282 1374 2345; x_wconf 78' lang='grc' dir='ltr'><em>αὗτῇ</em></span> <span class='ocrx_word' id='word_1_300' title='bbox 1408 2286 1634 2345; x_wconf 76' lang='grc' dir='ltr'><em>συνήνεικε</em></span> <span class='ocrx_word' id='word_1_301' title='bbox 1669 2287 1889 2344; x_wconf 64' lang='grc' dir='ltr'><em>γενέσθαι</em></span> <span class='ocrx_word' id='word_1_302' title='bbox 1924 2315 1999 2343; x_wconf 84' lang='grc'>-,</span> <span class='ocrx_word' id='word_1_303' title='bbox 2033 2288 2142 2348; x_wconf 91' lang='lat' dir='ltr'>quod</span> <span class='ocrx_word' id='word_1_304' title='bbox 2175 2288 2239 2332; x_wconf 82' lang='lat' dir='ltr'>al-</span> 
     </span>
     <span class='ocr_line' id='line_1_26' title="bbox 279 2365 2241 2426; baseline -0.001 -12"><span class='ocrx_word' id='word_1_305' title='bbox 279 2377 412 2415; x_wconf 90' lang='lat' dir='ltr'>terum</span> <span class='ocrx_word' id='word_1_306' title='bbox 461 2368 688 2413; x_wconf 86' lang='lat' dir='ltr'>membrum</span> <span class='ocrx_word' id='word_1_307' title='bbox 740 2367 797 2411; x_wconf 88' lang='lat' dir='ltr'>sic</span> <span class='ocrx_word' id='word_1_308' title='bbox 845 2366 1136 2412; x_wconf 85' lang='lat' dir='ltr'>conformatum</span> <span class='ocrx_word' id='word_1_309' title='bbox 1186 2366 1450 2426; x_wconf 82' lang='lat' dir='ltr'>subsequitur</span> <span class='ocrx_word' id='word_1_310' title='bbox 1497 2369 1622 2410; x_wconf 85' lang='grc' dir='ltr'><em>τοῦτο</em></span> <span class='ocrx_word' id='word_1_311' title='bbox 1666 2366 1712 2410; x_wconf 76' lang='grc' dir='ltr'>δὲ</span> <span class='ocrx_word' id='word_1_312' title='bbox 1747 2369 1915 2425; x_wconf 72' lang='grc' dir='ltr'><em>συνέβη</em></span> <span class='ocrx_word' id='word_1_313' title='bbox 1950 2365 2062 2411; x_wconf 71' lang='grc' dir='ltr'><em>ὥστε</em></span> <span class='ocrx_word' id='word_1_314' title='bbox 2098 2371 2241 2412; x_wconf 76' lang='grc' dir='ltr'><em>κακόν</em></span> 
     </span>
     <span class='ocr_line' id='line_1_27' title="bbox 278 2442 1984 2510; baseline -0.002 -16"><span class='ocrx_word' id='word_1_315' title='bbox 278 2449 593 2510; x_wconf 72' lang='grc' dir='ltr'><em>ἐργασαμένην</em></span> <span class='ocrx_word' id='word_1_316' title='bbox 624 2444 716 2492; x_wconf 72' lang='grc' dir='ltr'>ἀπὸ</span> <span class='ocrx_word' id='word_1_317' title='bbox 749 2449 914 2491; x_wconf 85' lang='grc' dir='ltr'><em>τούτων</em></span> <span class='ocrx_word' id='word_1_318' title='bbox 946 2442 1078 2504; x_wconf 67' lang='grc' dir='ltr'><em>αὐτὴν</em></span> <span class='ocrx_word' id='word_1_319' title='bbox 1108 2448 1300 2503; x_wconf 82' lang='grc' dir='ltr'><em>μάλιστα</em></span> <span class='ocrx_word' id='word_1_320' title='bbox 1332 2442 1628 2504; x_wconf 54' lang='grc' dir='ltr'><em>εὐδοκιμῆσαι</em></span> <span class='ocrx_word' id='word_1_321' title='bbox 1662 2450 1787 2506; x_wconf 68' lang='grc' dir='ltr'><em>παρὰ</em></span> <span class='ocrx_word' id='word_1_322' title='bbox 1821 2448 1984 2507; x_wconf 70' lang='grc' dir='ltr'><em>Ξέρξῃ.</em></span> 
     </span>
    </p>

    <p class='ocr_par' dir='ltr' id='par_1_7' title="bbox 279 2527 2243 2824">
     <span class='ocr_line' id='line_1_28' title="bbox 401 2527 2240 2589; baseline 0 -15"><span class='ocrx_word' id='word_1_323' title='bbox 401 2531 490 2574; x_wconf 84' lang='lat' dir='ltr'>Jam</span> <span class='ocrx_word' id='word_1_324' title='bbox 539 2537 583 2574; x_wconf 91' lang='lat' dir='ltr'>ut</span> <span class='ocrx_word' id='word_1_325' title='bbox 633 2530 818 2579; x_wconf 89' lang='lat' dir='ltr'>vidimus,</span> <span class='ocrx_word' id='word_1_326' title='bbox 870 2528 1104 2587; x_wconf 84' lang='lat' dir='ltr'>scriptorem</span> <span class='ocrx_word' id='word_1_327' title='bbox 1146 2527 1466 2586; x_wconf 84' lang='lat' dir='ltr'>conjunctionem</span> <span class='ocrx_word' id='word_1_328' title='bbox 1499 2528 1686 2572; x_wconf 89' lang='lat' dir='ltr'>deserere</span> <span class='ocrx_word' id='word_1_329' title='bbox 1719 2538 1758 2573; x_wconf 91' lang='lat' dir='ltr'>et</span> <span class='ocrx_word' id='word_1_330' title='bbox 1790 2530 2080 2589; x_wconf 87' lang='lat' dir='ltr'>oppositionem</span> <span class='ocrx_word' id='word_1_331' title='bbox 2114 2545 2240 2575; x_wconf 85' lang='lat' dir='ltr'>assu-</span> 
     </span>
     <span class='ocr_line' id='line_1_29' title="bbox 279 2608 2243 2672; baseline 0.001 -18"><span class='ocrx_word' id='word_1_332' title='bbox 279 2624 402 2661; x_wconf 87' lang='lat' dir='ltr'>mere,</span> <span class='ocrx_word' id='word_1_333' title='bbox 436 2610 490 2654; x_wconf 88' lang='lat' dir='ltr'>ita</span> <span class='ocrx_word' id='word_1_334' title='bbox 523 2609 597 2653; x_wconf 90' lang='lat' dir='ltr'>loci</span> <span class='ocrx_word' id='word_1_335' title='bbox 629 2608 998 2668; x_wconf 86' lang='lat' dir='ltr'>deprehenduntur,</span> <span class='ocrx_word' id='word_1_336' title='bbox 1034 2609 1074 2653; x_wconf 89' lang='lat' dir='ltr'>&#39;m</span> <span class='ocrx_word' id='word_1_337' title='bbox 1107 2609 1255 2667; x_wconf 86' lang='lat' dir='ltr'>quibus</span> <span class='ocrx_word' id='word_1_338' title='bbox 1287 2608 1339 2652; x_wconf 82' lang='lat' dir='ltr'>ab</span> <span class='ocrx_word' id='word_1_339' title='bbox 1371 2609 1570 2652; x_wconf 76' lang='lat' dir='ltr'>instituta</span> <span class='ocrx_word' id='word_1_340' title='bbox 1591 2609 1876 2672; x_wconf 73' lang='lat' dir='ltr'>membrorum</span> <span class='ocrx_word' id='word_1_341' title='bbox 1899 2611 2161 2665; x_wconf 75' lang='lat' dir='ltr'>oppositione</span> <span class='ocrx_word' id='word_1_342' title='bbox 2184 2612 2243 2655; x_wconf 83' lang='lat' dir='ltr'>ad</span> 
     </span>
     <span class='ocr_line' id='line_1_30' title="bbox 279 2687 2238 2748; baseline 0 -14"><span class='ocrx_word' id='word_1_343' title='bbox 279 2690 622 2744; x_wconf 75' lang='lat' dir='ltr'>conjunctionem</span> <span class='ocrx_word' id='word_1_344' title='bbox 667 2692 926 2733; x_wconf 78' lang='lat' dir='ltr'>transeatur.</span> <span class='ocrx_word' id='word_1_345' title='bbox 989 2689 1048 2733; x_wconf 89' lang='lat' dir='ltr'>De</span> <span class='ocrx_word' id='word_1_346' title='bbox 1087 2703 1167 2748; x_wconf 83' lang='lat' dir='ltr'>qua</span> <span class='ocrx_word' id='word_1_347' title='bbox 1210 2687 1408 2732; x_wconf 85' lang='lat' dir='ltr'>scribendi</span> <span class='ocrx_word' id='word_1_348' title='bbox 1440 2687 1734 2733; x_wconf 87' lang='lat' dir='ltr'>consuetudine</span> <span class='ocrx_word' id='word_1_349' title='bbox 1766 2689 1957 2734; x_wconf 83' lang='lat' dir='ltr'>consulas</span> <span class='ocrx_word' id='word_1_350' title='bbox 1989 2690 2039 2734; x_wconf 90' lang='lat' dir='ltr'>R.</span> <span class='ocrx_word' id='word_1_351' title='bbox 2073 2694 2098 2745; x_wconf 73' lang='lat' dir='ltr'>S</span> <span class='ocrx_word' id='word_1_352' title='bbox 2141 2691 2238 2741; x_wconf 70' lang='grc'>134,</span> 
     </span>
     <span class='ocr_line' id='line_1_31' title="bbox 282 2768 1989 2824; baseline -0.001 -11"><span class='ocrx_word' id='word_1_353' title='bbox 282 2773 322 2820; x_wconf 89' lang='grc'>6,</span> <span class='ocrx_word' id='word_1_354' title='bbox 357 2784 393 2820; x_wconf 85' lang='lat' dir='ltr'>a,</span> <span class='ocrx_word' id='word_1_355' title='bbox 428 2784 486 2819; x_wconf 88' lang='lat' dir='ltr'>cc,</span> <span class='ocrx_word' id='word_1_356' title='bbox 522 2785 572 2824; x_wconf 71' lang='lat'>0⁶3</span> <span class='ocrx_word' id='word_1_357' title='bbox 607 2769 685 2812; x_wconf 86' lang='lat' dir='ltr'>Ku.</span> <span class='ocrx_word' id='word_1_358' title='bbox 718 2772 743 2821; x_wconf 70' lang='lat' dir='ltr'>S</span> <span class='ocrx_word' id='word_1_359' title='bbox 780 2769 883 2819; x_wconf 87' lang='lat'>733,</span> <span class='ocrx_word' id='word_1_360' title='bbox 924 2772 963 2819; x_wconf 89' lang='grc'>6,</span> <span class='ocrx_word' id='word_1_361' title='bbox 999 2784 1044 2824; x_wconf 79' lang='lat' dir='ltr'>a3</span> <span class='ocrx_word' id='word_1_362' title='bbox 1079 2770 1218 2812; x_wconf 84' lang='lat' dir='ltr'>Matth.</span> <span class='ocrx_word' id='word_1_363' title='bbox 1253 2772 1278 2821; x_wconf 74' lang='lat' dir='ltr'>S</span> <span class='ocrx_word' id='word_1_364' title='bbox 1313 2770 1416 2817; x_wconf 87' lang='grc'>622,</span> <span class='ocrx_word' id='word_1_365' title='bbox 1455 2768 1504 2821; x_wconf 86' lang='grc'>7;</span> <span class='ocrx_word' id='word_1_366' title='bbox 1538 2768 1615 2811; x_wconf 87' lang='lat' dir='ltr'>Th.</span> <span class='ocrx_word' id='word_1_367' title='bbox 1650 2772 1675 2821; x_wconf 75' lang='lat' dir='ltr'>S</span> <span class='ocrx_word' id='word_1_368' title='bbox 1713 2772 1816 2819; x_wconf 88' lang='grc'>312,</span> <span class='ocrx_word' id='word_1_369' title='bbox 1855 2772 1989 2823; x_wconf 75' lang='lat'>20²).</span> 
     </span>
    </p>
   </div>
   <div class='ocr_carea' id='block_1_5' title="bbox 280 2925 2242 3153">
    <p class='ocr_par' dir='ltr' id='par_1_8' title="bbox 280 2925 2242 3153">
     <span class='ocr_line' id='line_1_32' title="bbox 386 2925 2242 2976; baseline 0 -13"><span class='ocrx_word' id='word_1_370' title='bbox 386 2928 420 2974; x_wconf 80' lang='grc'>2)</span> <span class='ocrx_word' id='word_1_371' title='bbox 448 2928 565 2964; x_wconf 76' lang='lat' dir='ltr'>Adeas</span> <span class='ocrx_word' id='word_1_372' title='bbox 604 2927 711 2963; x_wconf 73' lang='lat' dir='ltr'>etiam</span> <span class='ocrx_word' id='word_1_373' title='bbox 751 2926 1007 2974; x_wconf 76' lang='lat' dir='ltr'>Hartungium,</span> <span class='ocrx_word' id='word_1_374' title='bbox 1046 2926 1159 2962; x_wconf 85' lang='lat' dir='ltr'>Lehre</span> <span class='ocrx_word' id='word_1_375' title='bbox 1196 2938 1266 2962; x_wconf 86' lang='lat' dir='ltr'>von</span> <span class='ocrx_word' id='word_1_376' title='bbox 1294 2925 1329 2961; x_wconf 87' lang='lat' dir='ltr'>d.</span> <span class='ocrx_word' id='word_1_377' title='bbox 1358 2926 1469 2968; x_wconf 63' lang='lat' dir='ltr'>Part„</span> <span class='ocrx_word' id='word_1_378' title='bbox 1498 2927 1601 2964; x_wconf 86' lang='lat' dir='ltr'>Tom.</span> <span class='ocrx_word' id='word_1_379' title='bbox 1629 2928 1676 2971; x_wconf 92' lang='lat'>11,</span> <span class='ocrx_word' id='word_1_380' title='bbox 1704 2941 1787 2976; x_wconf 82' lang='lat' dir='ltr'>pag.</span> <span class='ocrx_word' id='word_1_381' title='bbox 1816 2928 1907 2973; x_wconf 83' lang='lat'>410,</span> <span class='ocrx_word' id='word_1_382' title='bbox 1936 2933 1971 2964; x_wconf 83' lang='lat' dir='ltr'>et</span> <span class='ocrx_word' id='word_1_383' title='bbox 1997 2928 2177 2964; x_wconf 85' lang='lat' dir='ltr'>Klotzium</span> <span class='ocrx_word' id='word_1_384' title='bbox 2204 2928 2242 2963; x_wconf 90' lang='lat' dir='ltr'>in</span> 
     </span>
     <span class='ocr_line' id='line_1_33' title="bbox 280 2988 2242 3039; baseline -0.001 -12"><span class='ocrx_word' id='word_1_385' title='bbox 280 2991 486 3038; x_wconf 80' lang='lat' dir='ltr'>Devarium,</span> <span class='ocrx_word' id='word_1_386' title='bbox 522 2991 624 3027; x_wconf 90' lang='lat' dir='ltr'>Tom.</span> <span class='ocrx_word' id='word_1_387' title='bbox 658 2991 704 3034; x_wconf 89' lang='lat'>11,</span> <span class='ocrx_word' id='word_1_388' title='bbox 738 3002 847 3037; x_wconf 84' lang='lat' dir='ltr'>pagg.</span> <span class='ocrx_word' id='word_1_389' title='bbox 875 2989 964 3032; x_wconf 84' lang='lat'>659,</span> <span class='ocrx_word' id='word_1_390' title='bbox 994 2988 1084 3026; x_wconf 87' lang='grc'>660.</span> <span class='ocrx_word' id='word_1_391' title='bbox 1138 2988 1313 3036; x_wconf 77' lang='lat' dir='ltr'>Exempla</span> <span class='ocrx_word' id='word_1_392' title='bbox 1339 2992 1459 3024; x_wconf 79' lang='lat' dir='ltr'>autem</span> <span class='ocrx_word' id='word_1_393' title='bbox 1487 3002 1532 3025; x_wconf 86' lang='lat' dir='ltr'>ex</span> <span class='ocrx_word' id='word_1_394' title='bbox 1559 2991 1777 3028; x_wconf 84' lang='lat' dir='ltr'>carminibus</span> <span class='ocrx_word' id='word_1_395' title='bbox 1805 2992 1950 3039; x_wconf 60' lang='lat' dir='ltr'>Tyrtaei</span> <span class='ocrx_word' id='word_1_396' title='bbox 1978 2991 2128 3038; x_wconf 79' lang='lat' dir='ltr'>repetita</span> <span class='ocrx_word' id='word_1_397' title='bbox 2155 2991 2242 3026; x_wconf 90' lang='lat' dir='ltr'>mihi</span> 
     </span>
     <span class='ocr_line' id='line_1_34' title="bbox 281 3051 2242 3101; baseline 0 -12"><span class='ocrx_word' id='word_1_398' title='bbox 281 3053 366 3089; x_wconf 74' lang='lat' dir='ltr'>haec</span> <span class='ocrx_word' id='word_1_399' title='bbox 404 3053 531 3089; x_wconf 85' lang='lat' dir='ltr'>afferre</span> <span class='ocrx_word' id='word_1_400' title='bbox 571 3054 676 3089; x_wconf 81' lang='lat' dir='ltr'>liceat</span> <span class='ocrx_word' id='word_1_401' title='bbox 715 3053 761 3097; x_wconf 92' lang='lat' dir='ltr'>X,</span> <span class='ocrx_word' id='word_1_402' title='bbox 800 3052 901 3089; x_wconf 77' lang='lat'>7—9</span> <span class='ocrx_word' id='word_1_403' title='bbox 935 3058 973 3089; x_wconf 80' lang='lat' dir='ltr'>et</span> <span class='ocrx_word' id='word_1_404' title='bbox 1007 3053 1088 3094; x_wconf 89' lang='lat' dir='ltr'>XII,</span> <span class='ocrx_word' id='word_1_405' title='bbox 1126 3051 1291 3094; x_wconf 84' lang='lat'>11-12,</span> <span class='ocrx_word' id='word_1_406' title='bbox 1326 3065 1370 3087; x_wconf 81' lang='lat' dir='ltr'>ex</span> <span class='ocrx_word' id='word_1_407' title='bbox 1396 3052 1553 3088; x_wconf 86' lang='lat' dir='ltr'>editione</span> <span class='ocrx_word' id='word_1_408' title='bbox 1581 3054 1796 3101; x_wconf 83' lang='lat' dir='ltr'>Bergkiana,</span> <span class='ocrx_word' id='word_1_409' title='bbox 1823 3055 1862 3088; x_wconf 89' lang='lat' dir='ltr'>in</span> <span class='ocrx_word' id='word_1_410' title='bbox 1887 3067 1977 3101; x_wconf 86' lang='lat' dir='ltr'>quos</span> <span class='ocrx_word' id='word_1_411' title='bbox 2003 3055 2098 3090; x_wconf 85' lang='lat' dir='ltr'>locos</span> <span class='ocrx_word' id='word_1_412' title='bbox 2126 3055 2242 3090; x_wconf 89' lang='lat' dir='ltr'>Buch-</span> 
     </span>
     <span class='ocr_line' id='line_1_35' title="bbox 280 3116 638 3153; baseline 0 0"><span class='ocrx_word' id='word_1_413' title='bbox 280 3116 436 3153; x_wconf 90' lang='lat' dir='ltr'>holzium</span> <span class='ocrx_word' id='word_1_414' title='bbox 463 3117 638 3153; x_wconf 78' lang='lat' dir='ltr'>consulas.</span> 
     </span>
    </p>
   </div>
   <div class='ocr_carea' id='block_1_6' title="bbox 404 3179 2123 3223">
    <p class='ocr_par' dir='ltr' id='par_1_9' title="bbox 404 3179 2123 3223">
     <span class='ocr_line' id='line_1_36' title="bbox 404 3179 2123 3223; baseline 0 -1"><span class='ocrx_word' id='word_1_415' title='bbox 404 3189 519 3222; x_wconf 82' lang='lat' dir='ltr'>Lunds</span> <span class='ocrx_word' id='word_1_416' title='bbox 542 3188 639 3222; x_wconf 90' lang='lat' dir='ltr'>Univ.</span> <span class='ocrx_word' id='word_1_417' title='bbox 663 3179 839 3223; x_wconf 44' lang='lat' dir='ltr'>Rrsskrist.</span> <span class='ocrx_word' id='word_1_418' title='bbox 884 3188 981 3222; x_wconf 91' lang='lat' dir='ltr'>Tom.</span> <span class='ocrx_word' id='word_1_419' title='bbox 1007 3188 1044 3222; x_wconf 84' lang='lat' dir='ltr'>V.</span> <span class='ocrx_word' id='word_1_420' title='bbox 2081 3189 2123 3222; x_wconf 81' lang='lat'>14</span> 
     </span>
    </p>
   </div>
  </div>
 </body>
</html>
