2941 3765
634 339 650 380 1
661 339 687 380 8
1461 357 1494 391 s.
1520 358 1558 391 E.
1583 358 1769 391 Melander.

625 464 803 523 positum
849 465 912 515 sit,
950 465 1019 509 sed
1056 480 1181 510 unum
1216 475 1372 511 tantum
1407 467 1607 526 exprimat.
1641 468 1813 511 eundem
1848 466 2050 513 hominem
2084 474 2207 526 atque
2239 480 2343 517 eum,
2379 467 2508 526 cujus,
2549 474 2596 512 ut

626 545 753 603 ajunt,
806 545 1079 604 praedicatum
1128 552 1190 589 est
1239 546 1407 590 verbum
1459 560 1613 606 regens.
1677 547 1791 601 Quae
1839 543 2087 591 constructio
2131 545 2262 605 qualis
2308 546 2358 590 sit
2400 552 2596 606 sequente

627 625 810 684 exemplo
852 627 1000 686 optime
1042 627 1280 670 declaratur.
1346 629 1373 677 Ι,
1413 630 1484 677 556,
1521 653 1581 658 —
1619 626 1645 669 (ἱ
1680 632 1875 685 ,Κροῖσος
1906 628 2081 672 πολλόν
2114 642 2149 669 τι
2183 627 2383 683 μάλιστα
2415 627 2598 669 πάντων

628 701 767 762 ἥσθη,
801 704 993 755 ἐλπίζων
1028 705 1219 763 ἡμίονον
1252 733 1312 738 -
1346 732 1407 738 -
1443 733 1499 739 —
1535 707 1726 765 ΆῙήδων,
1762 704 1862 750 οὐδ’
1895 704 1961 751 (ὃν
1996 704 2126 757 adros-
2157 704 2257 750 0815&
2294 707 2337 750 οἳ
2371 704 2417 758 ἐξ
2462 702 2597 748 adron?

628 787 894 829 παύσεσθαί
929 802 1028 828 κοτε
1070 788 1142 842 τῆς
1183 783 1331 842 ἀρχῆς.
1398 788 1529 839 Quem
1562 788 1694 831 locum
1728 788 1799 832 Kr.
1835 796 1874 831 et
1906 789 1967 832 St.
2001 790 2054 832 ita
2087 788 2298 846 explicant,
2333 794 2379 830 ut
2411 786 2593 837 doceant,

628 866 722 911 illud
758 867 801 911 οἱ
834 865 880 918 ἐξ
915 861 1049 909 αὖτοῦ
1081 866 1330 910 antecedenti
1364 863 1495 916 αὐτός
1527 867 1653 911 simile
1685 867 1834 913 lactum
1869 884 1971 914 esse.
2040 868 2199 913 Clarius
2233 875 2272 911 et
2293 867 2492 927 copiosius
2516 867 2592 911 Ab.

629 956 776 999 monet,
828 948 890 991 hic
939 946 1138 991 Croesum
1177 948 1347 1007 ejusque
1392 956 1576 1008 posteros
1609 951 1727 1009 quasi
1762 934 1889 996 unum
1923 965 2013 995 esse
2046 965 2068 995 a
2103 950 2298 1009 scriptore
2329 948 2505 1007 cogitari,
2541 948 2596 992 ob

628 1042 797 1088 eamque
831 1042 915 1072 rem
949 1026 1239 1071 nominativum
1274 1028 1399 1072 altero
1431 1045 1595 1091 quoque
1628 1030 1712 1074 loeo
1746 1046 1971 1076 occurrere.
2034 1031 2123 1075 Jam
2156 1044 2249 1074 cum
2283 1030 2358 1073 hoc
2391 1028 2594 1072 lenissimo

628 1110 870 1152 anacolutho
918 1109 1151 1151 conferatur
1201 1110 1312 1153 locus
1354 1111 1419 1161 lv,
1476 1112 1567 1162 137,
1614 1139 1671 1144 —-
1715 1113 1924 1168 λέγοντοδι
1966 1111 2207 1169 (Ἱστιαίου)
2242 1136 2303 1142 —-
2337 1108 2430 1152 οὔτε
2467 1105 2597 1158 αὐτός

628 1192 872 1246 ΠΙιλησίων
920 1187 1017 1237 οἷός
1057 1207 1097 1233 τε
1143 1189 1329 1233 ἔσεσθαι
1365 1188 1518 1247 ἄρχων
1552 1191 1646 1235 οὔτε
1682 1191 1825 1236 ἄλλον
1865 1190 2025 1236 οῧδὲνα
2058 1188 2288 1247 οὐδαμῶν,
2322 1190 2391 1234 ubi
2424 1190 2597 1249 scriptor

628 1269 902 1329 subjectorum
935 1270 1243 1330 disjunctionem
1277 1270 1450 1315 efferens
1484 1273 1697 1332 legitimam
1732 1282 1978 1319 structuram
2014 1273 2188 1317 retinuit.

747 1349 862 1403 Quos
895 1350 1114 1395 abnormes
1148 1352 1414 1396 nominativos
1448 1354 1649 1413 excipiant
1671 1356 1842 1414 genetivi
1866 1370 1988 1399 casus
2010 1354 2261 1403 anacoluffla,
2287 1367 2461 1411 quorum
2486 1352 2593 1411 apud

624 1429 872 1476 Herodotum
923 1432 999 1476 tria
1051 1440 1207 1477 tantum
1257 1433 1390 1479 inveni
1440 1435 1634 1494 exempla.
1705 1437 1947 1481 Occurrunt
1997 1437 2110 1479 enim
2149 1433 2279 1478 verba
2311 1435 2595 1478 intransitiva

626 1524 721 1555 cum
770 1512 1014 1557 nominibus
1066 1514 1309 1569 conjuncta,
1354 1530 1531 1570 quorum
1565 1530 1690 1561 casus
1723 1518 1781 1561 ad
1811 1516 2079 1560 substantiva
2113 1516 2373 1569 dirigantur,
2407 1527 2513 1569 quae
2545 1514 2594 1556 in

623 1592 691 1636 his
741 1592 881 1637 verbis
923 1594 1067 1637 latent.
1133 1595 1178 1644 ll,
1226 1597 1297 1645 35,
1334 1595 1478 1653 ἱρᾶται
1511 1599 1622 1653 γυνή
1655 1600 1743 1653 μὲν
1778 1592 1970 1652 οὗὸεμίεε
2003 1594 2100 1639 οὔτε
2134 1594 2313 1653 ἔρσενος
2347 1596 2461 1636 θεοῦ
2495 1591 2592 1637 οὔτε

627 1674 810 1729 θηλέης,
862 1672 1022 1732 ἄνδρες
1071 1674 1116 1716 δὲ
1168 1674 1350 1717 πάντων
1401 1691 1440 1716 re
1489 1680 1562 1718 καὶ
1605 1683 1802 1729 πασέων,
1837 1677 1906 1721 ubi
1941 1676 2087 1734 ἱρᾶται
2121 1682 2184 1717 est
2217 1675 2330 1731 ἱρείη
2365 1672 2479 1726 ἕστί,·
2514 1673 2593 1717 Ab.

624 1753 746 1797 latine
780 1754 952 1799 reddidit
983 1757 1223 1800 sacerdotio
1247 1756 1393 1810 femgle'.
1466 1759 1511 1807 ll,
1551 1759 1621 1807 37,
1660 1758 1804 1814 ἱρᾶται
1840 1757 1885 1799 δὲ
1922 1754 2003 1799 οὔκ
2038 1754 2101 1803 εἷς
2132 1755 2318 1798 ἑκάστου
2341 1758 2430 1797 τῶν
2455 1757 2592 1797 θεῶν.

624 1833 708 1886 Vll,
768 1837 865 1887 111,
910 1839 1079 1892 Βησσοὶ
1115 1835 1160 1879 δὲ
1197 1839 1286 1879 nov
1322 1839 1536 1894 Σατρέων
1570 1837 1652 1881 εἰσὶ
1687 1837 1730 1881 οἳ
1762 1837 2115 1895 προφητεύοντες
2145 1839 2221 1880 τοῦ
2256 1835 2370 1893 ἱροῦ,
2404 1860 2479 1878 --.
2521 1833 2594 1878 Hic

623 1914 856 1974 cogitaverit
889 1915 1089 1975 quispiam
1122 1916 1172 1959 de
1206 1925 1418 1976 praecepto
1452 1917 1515 1960 illo
1550 1916 1826 1976 Kruegeriano
1860 1918 1875 1961 l
1911 1923 1944 1961 a
1979 1918 2024 1968 ll,
2067 1917 2135 1967 47,
2180 1919 2245 1966 10,
2294 1918 2323 1965 l,
2360 1921 2404 1958 ut
2438 1914 2482 1958 οἳ
2515 1930 2590 1973 πρ.

622 1994 726 2038 idem
777 2011 948 2055 prorsus
1000 1997 1126 2040 valeat
1169 2005 1291 2057 atquc
1333 2001 1588 2057 προᾳῆται;
1632 1998 1700 2041 sed
1735 1997 1927 2057 quomam
1962 2012 2092 2058 neque
2125 1997 2197 2040 Kr.
2231 1996 2316 2056 ipse
2348 1995 2479 2039 locum
2512 1995 2591 2039 huc

587 2076 758 2133 smum
800 2084 837 2119 et
872 2077 1016 2136 legitur
1049 2077 1157 2135 apud
1190 2078 1435 2136 Euripidem,
1471 2080 1554 2128 lon,
1596 2079 1696 2127 413,
1735 2076 1854 2120 ἀλλά
1886 2084 1946 2126 τίς
1979 2077 2247 2136 ([ροᾳητεύει
2282 2077 2397 2118 θεοῦ
2437 2076 2486 2119 ad
2527 2076 2592 2118 lo-

623 2171 715 2200 cum
750 2156 842 2200 huic
875 2157 1012 2216 generi
1045 2157 1358 2202 a‹lscril›endun·1
1393 2159 1520 2218 magis
1553 2159 1715 2202 inclinat
1747 2160 1907 2203 animus
1928 2161 1988 2215 ⁹).

727 2324 761 2368 ⁹)
789 2322 914 2365 Locos,
956 2323 1018 2369 qui
1058 2326 1268 2369 sequuntur,
1310 2337 1525 2370 quamquam
1558 2324 1603 2360 ad
1636 2325 1851 2360 anacolutha
1885 2337 1939 2359 me
1973 2323 2117 2370 quidem
2141 2322 2262 2369 judice
2290 2334 2362 2356 non
2389 2320 2585 2368 pertinent,

622 2389 742 2421 tamen
784 2385 935 2420 intactos
975 2385 1177 2432 relinquere
1219 2386 1337 2429 nolui;
1375 2386 1478 2422 video
1514 2387 1607 2422 enim
1642 2386 1760 2428 fuisse,
1789 2386 1852 2433 qui
1879 2386 1936 2422 hic
1963 2397 2106 2433 quoque
2134 2384 2350 2420 anacolutha
2376 2387 2591 2420 statuerent.

625 2447 697 2483 Cfr.
741 2448 805 2482 hac
847 2447 890 2482 de
926 2460 964 2482 re
1000 2448 1304 2490 Waunowskium,
1341 2461 1423 2495 pag.
1459 2448 1530 2491 603
1565 2451 1607 2485 F.
1644 2450 1687 2485 G.
1725 2449 1931 2485 Hoffmanni
1964 2449 2157 2485 Observata
2191 2452 2228 2482 et
2255 2447 2389 2481 monita
2414 2446 2589 2492 quaedam

622 2508 666 2546 de
701 2509 839 2546 casibus
875 2509 1046 2546 absolutis
1072 2510 1167 2558 apud
1195 2514 1332 2547 veteres
1358 2511 1554 2559 scriptores
1576 2512 1729 2549 Graecos
1757 2515 1794 2548 et
1820 2511 1967 2547 Latinos
1993 2510 2043 2547 ita
2070 2510 2207 2559 positis,
2236 2514 2277 2545 ut
2303 2509 2491 2545 videantur
2518 2523 2591 2545 non

620 2584 724 2620 posse
750 2573 867 2608 locum
895 2573 1038 2609 habere.
1094 2575 1220 2622 Progr.
1250 2576 1380 2622 Gymn.
1411 2575 1580 2610 Budissae
1610 2573 1724 2617 18:36,
1752 2586 1833 2622 pag.
1863 2574 1908 2618 53
1936 2574 2066 2610 Franc.
2105 2573 2265 2610 Richteri
2308 2572 2360 2608 De
2392 2571 2592 2620 praecipuis

624 2636 778 2671 Graecae
806 2636 950 2682 linguae
977 2638 1197 2672 anacoluthis
1225 2639 1403 2685 specimen
1431 2640 1596 2685 primum.
1651 2639 1778 2684 Progr.
1807 2639 1937 2684 Gymn.
1965 2637 2228 2684 Heiligenstadt
2255 2635 2370 2679 1827,
2398 2648 2504 2683 pagg.
2526 2636 2590 2679 29,
2656 2645 2660 2649 '

623 2711 724 2746 sqq.;
752 2698 925 2735 Steinium
952 2699 990 2735 in
1018 2699 1079 2744 IV,
1108 2699 1180 2745 36;
1207 2701 1411 2737 Abichtium
1437 2700 1475 2735 in
1503 2701 1530 2744 1,
1561 2699 1649 2737 178.

728 2762 938 2805 Genetivus‚
975 2774 1081 2808 quem
1114 2763 1239 2798 dicunt
1264 2764 1481 2806 absolutum,
1510 2763 1559 2798 ibi
1584 2774 1727 2809 quoque
1755 2762 1924 2805 occurrit,
1953 2762 2015 2797 ubi
2041 2762 2238 2808 subjectum
2265 2761 2454 2797 locutionis
2482 2762 2591 2808 parti-

622 2824 760 2872 cipialis
793 2825 830 2860 in
866 2825 1114 2861 enunciatione
1148 2826 1318 2874 primaria
1344 2826 1519 2873 repetitur
1545 2829 1608 2861 aut
1635 2825 1852 2861 nominativo
1879 2824 2041 2872 subjecti,
2070 2825 2131 2872 qui
2158 2824 2196 2860 in
2224 2825 2333 2862 verbo
2360 2837 2464 2873 saepe
2491 2825 2590 2869 latet,

621 2891 684 2923 aut
711 2899 797 2922 casu
824 2887 981 2934 obliquo.

726 2951 822 2987 Haec
861 2951 1080 2987 constructio
1113 2951 1209 2998 apud
1243 2951 1466 2986 Herodotum
1499 2954 1552 2985 est
1578 2950 1873 2995 frequentissima.
1928 2950 2052 2996 Neque
2079 2954 2198 2985 tamen
2224 2951 2319 2996 apud
2347 2951 2448 2986 illum
2475 2951 2590 2986 solum

618 3014 776 3050 occurrit
795 3013 858 3049 sed
876 3014 983 3049 etiam
1001 3014 1098 3060 apud
1116 3014 1204 3049 alios
1223 3013 1349 3049 Graeci
1368 3012 1540 3047 sermonis
1558 3012 1758 3058 scriptores.
1804 3011 1877 3047 cfr.
1907 3011 2087 3058 Popponis
2122 3012 2176 3048 De
2194 3012 2340 3048 historia
2359 3014 2590 3060 Thucydidea

620 3077 969 3128 commentationem.
1026 3077 1167 3125 Lipsiae
1205 3076 1318 3121 1856,
1347 3089 1430 3124 pag.
1462 3074 1550 3112 103.
1604 3075 1723 3111 Etiam
1751 3075 1846 3123 apud
1874 3075 2020 3110 Latinos
2047 3075 2103 3111 hic
2130 3087 2214 3111 usus
2241 3088 2508 3123 nonnumquam
2536 3077 2592 3112 in-

619 3141 777 3179 venitur.
831 3140 922 3178 Sunt
962 3140 1056 3178 enim
1093 3140 1173 3186 loci,
1209 3140 1270 3177 ubi
1310 3140 1487 3177 ablativus
1527 3139 1600 3176 abs.
1641 3138 1764 3175 iisdem
1800 3137 1935 3175 vicibus
1962 3138 2149 3186 fungatur,
2177 3138 2308 3186 quibus
2335 3140 2525 3188 genetivus
2551 3139 2590 3175 in
