2941 3765
693 314 750 358 54
1518 333 1551 366 S.
1576 334 1615 367 E.
1638 333 1825 367 Meiander.

688 445 766 499 τῆς
798 447 1047 498 γενομένης
1078 438 1159 485 οὐκ
1191 440 1311 485 ἐοῖσα
1343 444 1598 497 ποιέεσθαι,
1633 446 1712 487 νῦν
1742 458 1786 486 τε
1810 441 2156 499 συμβούλευσον
2182 468 2237 474 —
2263 467 2337 485 —-.
2386 439 2485 486 Sine
2507 455 2655 487 caussa

687 522 761 566 Kr.
794 528 865 566 aut
908 528 1007 564 νυνί
1035 537 1109 581 pro
1144 526 1222 564 νῦν
1254 539 1297 564 τε
1330 523 1406 582 legi
1439 530 1510 568 aut
1543 531 1588 567 τέ
1618 524 1738 568 deleri
1768 523 1895 581 jubet.
1961 523 2024 567 St.
2059 529 2194 566 autem
2228 519 2309 577 ἄγε
2344 536 2417 581 pro
2450 528 2497 564 τέ·
2525 522 2652 566 dedit.

690 603 782 654 Ab„
818 601 913 647 illud
955 607 1001 645 τί
1030 602 1281 647 antec-edenti
1315 610 1395 647 καί
1423 605 1680 665 respondere,
1716 604 1931 655 contendit,
1969 603 2040 648 sed
2073 603 2242 648 dubium
2275 610 2349 654 est,
2385 618 2485 647 num
2517 603 2653 647 Hero—

689 683 812 728 dotus
860 685 934 725 καὶ
982 710 1045 715 -
1087 688 1133 726 τέ
1171 682 1225 727 ita
1259 685 1529 744 usurpaverit,
1565 701 1669 745 quae
1701 683 1969 743 conjungendi
2001 684 2115 733 ratio,
2151 683 2184 727 si
2218 683 2338 727 modo
2370 682 2478 742 apud
2510 682 2656 727 Graeci

690 762 889 807 sermonis
923 762 1142 822 scriptores
1175 763 1309 822 aliqua
1342 772 1415 816 est,
1451 772 1559 810 certe
1592 765 1797 809 rarissime
1828 763 2016 815 occurrit,
2052 763 2102 807 R.
2137 766 2163 818 S
2201 763 2299 814 134,
2330 762 2424 807 adn.
2450 765 2490 815 2,
2515 762 2551 819 f3
2574 762 2654 807 Ku.

690 848 715 898 S
767 842 872 889 726.
924 845 965 886 3.
1006 842 1113 894 adn„
1150 842 1224 887 cfr.
1261 849 1394 889 tamen
1430 845 1561 891 Madv.
1596 849 1620 901 §
1662 847 1758 897 185,
1795 845 1889 889 adn.
1928 847 1969 889 3.
2036 844 2177 904 Neque
2211 843 2316 888 enim
2351 843 2413 888 bic
2446 843 2551 889 valet
2583 843 2655 888 Kr.

689 926 718 976 Ι,
757 928 829 976 69,
868 926 938 974 32,
983 927 1049 974 11,
1085 925 1195 983 quod
1231 927 1415 985 sequitur
1449 928 1548 976 vlu,
1592 929 1690 977 130,
1726 926 1812 970 init.
1847 930 1920 968 καὶ
1954 952 2014 957 -
2047 940 2089 968 τε
2117 924 2171 942 Α
2197 929 2285 967 καί.
2342 924 2538 969 Perverse
2561 938 2656 968 vero

688 1004 940 1065 interpretati
990 1011 1086 1049 sunt
1134 1005 1255 1049 iatine
1297 1006 1433 1051 Schw.
1469 1011 1512 1051 tu
1545 1008 1691 1064 iyitur,
1723 1020 1849 1063 quum
1882 1006 2010 1050 etiam
2043 1006 2094 1051 de
2120 1019 2272 1062 puqua
2303 1006 2452 1050 navali
2486 1032 2545 1038 —
2581 1031 2654 1061 —,

692 1087 796 1130 bene
842 1087 949 1129 mihi
999 1077 1279 1142 consulueris,
1329 1115 1387 1120 —
1438 1115 1509 1143 —-,
1550 1102 1664 1132 uuae
1707 1101 1866 1145 quoque
1907 1088 2052 1142 suade,
2084 1086 2313 1147 germanice
2346 1086 2424 1131 Ab.
2468 1085 2562 1132 We
2597 1087 2655 1131 du

677 1167 846 1220 fruher
877 1168 962 1209 mir
991 1172 1070 1222 qut
1096 1173 1290 1223 straten,
1322 1184 1368 1213 so
1402 1174 1467 1212 tue
1500 1184 1544 1213 es
1576 1170 1684 1212 auch
1708 1170 1842 1223 jetzt;
1876 1184 1969 1213 nam
2002 1176 2060 1222 τί,
2093 1183 2198 1227 quae
2230 1175 2292 1212 est
2324 1169 2411 1227 ejus
2446 1168 2515 1217 vis,
2552 1180 2655 1223 quo-

690 1262 768 1304 que
800 1248 827 1291 l.
860 1248 969 1290 auch
1005 1248 1233 1306 significare
1268 1264 1347 1293 uon
1380 1257 1523 1308 potest.
1591 1249 1685 1293 Mihi
1718 1250 1882 1307 quidem
1915 1249 2010 1293 iuud
2044 1253 2118 1291 καὶ
2152 1248 2241 1305 γάρ
2274 1250 2430 1291 etenim
2453 1248 2493 1291 b.
2517 1247 2541 1290 Ι.
2566 1261 2655 1291 esse

690 1328 864 1372 videtur.
930 1328 1002 1371 Kr.
1037 1329 1064 1378 1,
1104 1332 1176 1378 69,
1216 1332 1286 1379 32,
1324 1333 1404 1381 2·1·.
1439 1331 1484 1380 ll,
1523 1334 1594 1379 60,
1635 1330 1704 1380 41,
1743 1333 1784 1373 6.

814 1410 1018 1452 Particula
1066 1424 1242 1467 quoque,
1294 1425 1397 1468 quae
1431 1417 1491 1453 est
1525 1413 1628 1468 γάρ,
1663 1411 1886 1453 abnormen
1921 1417 2170 1452 structuram
2204 1409 2335 1458 babet,
2360 1408 2420 1462 fit
2451 1409 2577 1461 enim,
2609 1411 2656 1450 ut

691 1491 895 1545 scriptor,
929 1504 1056 1544 quum
1088 1491 1259 1533 initium
1291 1492 1498 1533 orationis
1530 1492 1777 1545 instituerit,
1810 1492 1934 1546 quasi
1966 1492 2075 1534 duas
2107 1490 2441 1542 enunciationes,
2473 1502 2655 1544 quarum

693 1571 834 1614 altera
866 1570 1047 1614 alterius
1080 1585 1277 1615 caussam
1309 1573 1505 1625 continet,
1538 1574 1585 1615 iri
1618 1574 1763 1616 eodem
1780 1573 1926 1626 ,qradu
1948 1572 2233 1614 collocaturus
2256 1574 2379 1623 esset,
2403 1573 2544 1612 tamen
2567 1571 2656 1625 γάρ

684 1650 835 1707 priori
883 1651 1177 1695 euunciatioui
1210 1652 1383 1707 inserat,
1431 1668 1511 1708 quo
1550 1652 1620 1707 fit,
1661 1657 1707 1697 ut
1739 1654 1843 1697 haec
1876 1653 2122 1696 enunciatio
2156 1652 2285 1695 alteri
2318 1651 2500 1706 quodam
2532 1650 2654 1694 modo
2685 1712 2688 1713 ⁷

692 1730 991 1787 subjunyatur.
1057 1732 1118 1777 Ex
1169 1748 1247 1791 qua
1296 1732 1448 1792 origine
1498 1741 1615 1778 natae
1657 1733 1751 1778 mibi
1792 1733 1980 1779 videntur
2014 1739 2256 1783 structurae,
2291 1732 2342 1775 de
2374 1731 2524 1790 quibus
2560 1737 2656 1775 sunt

694 1812 767 1856 Kr.
817 1812 846 1863 Ι,
900 1815 972 1863 60,
1023 1812 1060 1864 4,
1098 1815 1147 1862 2;
1184 1812 1312 1858 Madv.
1347 1818 1372 1867 S
1413 1803 1585 1865 -1962'b‚
1624 1823 1715 1867 not,
1750 1815 1799 1858 R.
1835 1819 1860 1868 S
1900 1814 1998 1864 134,
2037 1817 2076 1863 8,
2113 1828 2147 1862 a,
2183 1827 2252 1866 aa3
2288 1813 2366 1855 Ku.
2401 1816 2426 1865 S
2463 1811 2566 1861 754,
2607 1812 2654 1865 4;

694 1894 741 1939 Β.
776 1907 869 1954 pag.
908 1892 1011 1938 465.
1080 1893 1212 1953 Atque
1244 1907 1395 1945 eorum,
1431 1893 1501 1955 qui
1536 1894 1614 1941 buc
1647 1894 1863 1956 pertinent,
1899 1893 2078 1940 locorum
2111 1892 2192 1938 duo
2216 1898 2313 1938 sunt
2333 1907 2504 1952 genera3
2528 1908 2655 1953 quum

693 1975 801 2019 enim
850 1975 1078 2019 membrum
1129 1974 1286 2034 aliquod
1336 1975 1496 2036 utrique
1545 1975 1815 2021 enunciationi
1864 1989 2078 2019 commune
2128 1972 2191 2026 sit,
2226 1972 2318 2018 iilud
2354 1972 2582 2019 membrum
2615 1972 2656 2018 in

693 2056 917 2117 posteriore
950 2055 1229 2099 enunciatioue
1260 2063 1329 2100 aut
1361 2056 1475 2100 abest
1508 2064 1578 2101 aut
1611 2057 1865 2118 exprimitur.

818 2138 947 2179 Abest
996 2144 1130 2179 autem
1179 2138 1270 2180 iliud
1320 2139 1560 2189 membrum,
1608 2139 1641 2180 si
1683 2139 1723 2181 in
1758 2138 2037 2182 enunciatioue
2070 2135 2331 2179 antecedente
2362 2149 2460 2180 casu
2494 2135 2657 2193 obliquo

694 2232 938 2277 expressum
987 2225 1060 2267 est,
1115 2218 1179 2267 lv,
1239 2218 1334 2269 140,
1387 2221 1497 2261 τοῖσι
1540 2218 1586 2262 δὲ
1630 2217 1676 2261 ἐν
1708 2221 1758 2275 τῇ
1798 2220 1918 2275 φυλῇ
1950 2219 2080 2275 ταύτῃ
2115 2212 2304 2273 ἀνδράσι
2338 2212 2391 2260 οὗ
2423 2218 2511 2274 γάρ
2547 2213 2656 2258 ὑπέ-

693 2312 860 2353 μειναν
908 2299 961 2340 τοὶ
1008 2303 1150 2351 τέκνα,
1200 2297 1432 2356 ἱδρύσαντο
1483 2325 1544 2330 —
1586 2325 1647 2330 —
1692 2324 1749 2329 —
1793 2298 1905 2356 ἱρόν.
1972 2298 2190 2357 perperam
2223 2296 2358 2342 Schw.
2393 2303 2433 2341 et
2465 2295 2532 2355 Sg.
2567 2301 2658 2355 post

694 2374 885 2435 ἀνδράσι
934 2392 1091 2421 comma
1141 2386 1374 2437 posuerunt.
1441 2378 1668 2423 Herodotus
1717 2379 1793 2423 hoc
1835 2378 1917 2424 fere
1950 2378 2059 2423 initio
2109 2378 2336 2438 scripturus
2377 2392 2467 2421 esse
2500 2375 2657 2421 videtur

694 2461 806 2500 τοῖσι
851 2457 897 2500 δὲ
934 2457 966 2500 ἐ.
1001 2474 1034 2500 τ.
1070 2473 1116 2511 ‹p-
1152 2473 1185 2500 τ.
1221 2454 1301 2500 οὐκ
1333 2457 1581 2515 ’ὑπέμειναν
1614 2475 1649 2502 τ.
1683 2466 1811 2502 τέκνα
1847 2458 2083 2519 ἱδρύσαντο
2119 2454 2185 2502 ὥν
2217 2485 2279 2490 ——
2313 2485 2370 2491 -—
2407 2456 2520 2516 ἳρόν.
2587 2456 2655 2511 lV,

696 2541 802 2589 200,
857 2541 946 2581 τών
996 2539 1041 2581 δὲ
1093 2541 1184 2580 πᾶν
1216 2541 1304 2597 γάρ
1340 2535 1393 2596 ἦν
1426 2542 1473 2583 to*
1509 2541 1690 2598 πλῆθος
1721 2546 1961 2597 μεταίτιον,
1997 2536 2077 2583 οὔκ
2111 2538 2315 2583 ἐδέκοντο
2348 2541 2447 2588 τούς
2477 2539 2655 2595 λόγους.

695 2620 743 2669 V,
782 2621 854 2669 92,
893 2621 932 2668 2,
971 2618 1128 2675 ταύτην
1162 2619 1451 2674 Βακχιαδέων
1483 2624 1573 2679 γὰρ
1609 2617 1753 2669 οὸδεῐς
1784 2619 1925 2679 ἤθελε
1959 2623 2120 2677 γῆμαι,
2155 2621 2266 2677 ἴσχει
2294 2616 2473 2664 Ἠετίων
2496 2646 2557 2652 -
2581 2645 2654 2662 -—-.

694 2699 830 2743 Schw.
882 2707 921 2742 et
970 2699 1040 2758 Sg.
1076 2714 1230 2742 comma
1264 2699 1413 2743 babent
1446 2710 1537 2760 post
1571 2703 1738 2758 ταύτην.
1806 2702 1888 2752 Vll,
1926 2703 2031 2750 209,
2068 2696 2154 2743 ἄλλ
2177 2697 2192 2714 ³
2224 2697 2344 2759 αὐτῷ
2375 2703 2534 2756 γελοῖα
2567 2702 2656 2758 γάρ

695 2780 929 2835 ἐφαίνοντο
978 2786 1162 2832 ποιέειν,
1210 2787 1526 2837 μετεπέμψατο
1577 2785 1866 2838 Δημάρητον.
1933 2784 2001 2832 ΙΧ,
2060 2786 2158 2831 109,
2210 2785 2261 2838 τῇ
2306 2781 2354 2823 δὲ
2386 2783 2656 2848 κακώςχάρ
2719 2823 2728 2831 ,

695 2858 790 2902 ἔδεε
841 2863 1053 2916 πανοικίῃ
1101 2860 1332 2915 γενέσθαι,
1374 2862 1486 2917 πρὸς
1523 2864 1654 2905 ταῦτα
1696 2857 1791 2905 εἶπε
1823 2861 1987 2921 Ξέρξῃ.
2053 2861 2257 2906 Accedant
2290 2861 2375 2913 loci,
2411 2861 2481 2906 ubi
2514 2867 2585 2905 aut
2616 2860 2657 2904 in

693 2940 918 2999 posteriorc
950 2948 1109 2983 tantum
1144 2939 1326 2982 membro
1358 2947 1428 2982 aut
1461 2941 1501 2984 in
1535 2949 1709 3000 utroque
1742 2949 1907 3001 propter
1940 2942 2162 2985 orationem
2195 2942 2399 3001 obliquam
2431 2949 2494 2984 est
2515 2940 2657 2984 infini-

693 3021 813 3071 tivus,
849 3021 895 3070 ll,
941 3023 1039 3070 101,
1082 3023 1183 3062 Τιῡν
1216 3019 1262 3061 δὲ
1297 3017 1451 3061 ἄλλων
1483 3022 1714 3076 βασιλέων
1747 3017 1801 3063 οὕ
1833 3023 1923 3078 γάρ
1946 3020 2105 3077 ἔλεγον
2128 3017 2345 3077 οὗδεμίαν
2367 3020 2515 3080 ἔργων
2538 3016 2656 3062 ἀπό-

693 3099 829 3153 δεξιν,
878 3115 961 3142 κατ
987 3096 1001 3113 ³
1049 3096 1179 3143 οῦδὲν
1228 3097 1342 3142 εἶναι
1383 3099 1707 3160 λαμπρότητος,
1757 3129 1831 3145 —.
1880 3101 1947 3144 Sic
1988 3100 2092 3152 Joh.,
2136 3101 2224 3150 Lh„
2260 3101 2331 3145 Kr.
2365 3109 2473 3145 recte
2505 3100 2656 3144 distin—
