2941 3765
612 320 670 365 32
1441 335 1474 368 S.
1499 336 1539 369 E.
1563 336 1745 369 Melander.

607 443 699 487 dam
749 443 855 503 apud
902 444 1167 493 Athenaeum,
1211 443 1317 493 XIV,
1361 457 1448 502 cap.
1491 446 1563 494 65,
1609 443 1798 495 Meineke,
1835 444 1983 489 ductus
2017 457 2135 487 voces
2166 440 2219 485 τά
2251 457 2291 484 τε
2327 438 2446 484 ἄλλα
2477 448 2571 484 ante

609 523 856 585 praecedens
903 527 978 566 καὶ
1026 523 1076 566 w?
1123 521 1340 580 εἰρημένα
1373 523 1511 583 reponi
1541 524 1663 583 jussit
1694 530 1732 568 et
1767 523 1856 584 legit
1891 526 1979 567 τῶν
2011 524 2100 581 γάρ
2135 527 2365 577 φοινίκων.
2432 509 2570 587 Neque

608 610 743 647 tamen
777 603 885 662 quod
920 602 1113 647 vocabula
1146 604 1199 644 ια’
1232 617 1273 644 τε·
1309 598 1351 645 ἆ.
1385 604 1492 663 apud
1528 604 1781 649 Athenaeum
1815 602 2097 647 desiderantur
2129 601 2250 646 ullam
2269 602 2421 660 justam
2443 616 2570 645 caus-

610 700 697 729 sam
731 684 862 733 affert,
898 698 972 728 eur
1005 682 1046 726 in
1080 682 1307 727 Herodoteo
1340 690 1531 729 contextu
1566 693 1898 744 transponantur,
1934 692 1972 727 et
2006 682 2038 727 si
2071 686 2145 726 καὶ
2179 687 2397 737 φοινίκων
2419 681 2459 725 in
2481 684 2571 724 τῶν

609 767 700 825 γὰρ
751 781 798 820 φ.
851 762 1092 809 mutandum
1142 771 1261 815 esset,
1316 771 1424 808 certe
1458 764 1571 824 plura
1604 771 1751 817 essent,
1786 779 1891 824 quae
1923 764 1999 809 hoe
2033 763 2129 814 loce,
2164 769 2211 808 ut
2242 776 2335 807 cum
2368 761 2431 806 ἰΙΙο
2462 761 2569 822 apud

609 846 862 891 Athenaeum
911 844 1153 895 concineret,
1208 845 1321 889 aliter
1362 845 1605 891 conformari
1639 846 1843 897 deberent,
1910 844 1991 889 Sed
2026 843 2190 889 liberius
2223 844 2347 887 verba
2379 842 2569 887 Herodoti

583 925 795 970 laudasse
828 926 988 970 videtur
1022 926 1271 970 Athenaeus.
1336 927 1474 980 Quare
1507 927 1647 985 reliqui
1680 926 1853 971 editores
1886 926 1990 969 illam
2015 923 2295 969 ‘Valckenaerii
2330 924 2570 974 sententiam

604 1008 696 1065 jure
738 1008 976 1065 rejecerunt.
1043 1006 1177 1050 Sehw.
1221 1016 1355 1051 autem
1396 1024 1561 1052 sensum
1597 1008 1668 1050 loci
1700 1007 1820 1051 latine
1853 1015 1959 1050 recte
1993 1007 2183 1050 reddidit:
2219 1033 2278 1039 -
2313 1020 2439 1061 quum
2471 1007 2570 1050 aliis

609 1089 750 1143 rebus,
799 1093 886 1132 tum
927 1088 1039 1143 quod
1080 1088 1369 1132 mascularum
1404 1116 1464 1121 ——
1498 1115 1557 1122 —
1593 1115 1652 1122 —-
1679 1089 1929 1143 palmarum
1951 1088 2151 1141 fructum
2181 1085 2444 1143 ylandiferis
2469 1085 2570 1142 pal-

608 1169 691 1212 mis
740 1168 1052 1223 circumligant.
1084 1168 1162 1217 'll,
1219 1167 1288 1217 44,
1333 1193 1395 1199 —
1437 1166 1559 1210 εἶδον
1601 1170 1827 1215 πλουσίως
1868 1173 2280 1222 κατεσκευασμένον
2313 1164 2497 1207 ἄλλοισί
2526 1181 2567 1207 τε

611 1251 821 1293 πολλοῖσι
872 1243 1157 1304 ἀναθήμασι,
1207 1252 1281 1291 καὶ
1333 1245 1380 1290 ἐν
1426 1242 1545 1306 α’ὗτῷ
1579 1243 1692 1304 ἦσαν
1726 1247 1880 1305 στῆλαι
1916 1247 2008 1291 δύο.
2079 1246 2163 1292 Cir.
2205 1263 2309 1307 quae
2356 1246 2395 1290 in
2429 1245 2457 1297 l,
2502 1245 2567 1296 Η»,

611 1344 734 1388 supra
768 1327 863 1372 dixi.
928 1328 973 1379 ll,
1011 1329 1083 1379 92,
1120 1354 1179 1360 —-
1213 1329 1324 1371 τοῖσι
1359 1353 1417 1360 -
1453 1322 1620 1371 αὗτοῖσι
1655 1328 1838 1384 νόμοισι
1866 1333 2087 1386 χρέονται,
2121 1330 2231 1372 τοῖσι
2266 1331 2339 1370 καὶ
2372 1326 2415 1371 οἳ
2438 1324 2570 1369 ἄλλοι

608 1408 859 1466 Αἰγύπτιοι,
893 1412 967 1452 καὶ
1000 1410 1051 1452 τα
1084 1405 1205 1451 ἄλλα
1237 1411 1311 1450 καὶ
1345 1411 1522 1464 γυναικὶ
1555 1409 1642 1466 μιῇ
1675 1404 1856 1457 ἕκαστος
1888 1402 2034 1450 αὕτιῦν
2057 1413 2289 1461 συνοικέει,
2313 1406 2385 1452 cfr.
2409 1407 2436 1459 l,
2471 1408 2570 1451 493.

608 1490 653 1541 ll,
698 1492 796 1539 Mt,
833 1484 1111 1545 ἀναθήματα
1145 1513 1206 1520 -
1239 1514 1298 1520 -
1335 1485 1455 1530 ἄλλα
1486 1503 1526 1530 τε
1565 1514 1624 1519 -
1658 1513 1716 1519 —
1754 1513 1812 1519 —
1847 1483 2060 1544 ἀνέθηκε,
2093 1491 2167 1530 καὶ
2191 1512 2250 1519 ——
2275 1513 2335 1519 —
2361 1513 2419 1519 --
2444 1484 2571 1539 ἄξιο-

610 1572 759 1626 θήητα
809 1565 1006 1624 ἀνέθηκε
1054 1567 1179 1625 ἔργα,
1229 1582 1406 1628 quocum
1447 1567 1520 1610 cfr.
1562 1568 1803 1611 simillimum
1846 1569 1977 1612 iocum
2019 1568 2047 1617 1,
2090 1568 2157 1610 1¹4.
2225 1568 2271 1618 V,
2310 1570 2382 1618 62,
2417 1569 2494 1609 τόν
2527 1581 2569 1609 τε

609 1652 719 1707 νηόν
765 1648 1061 1708 ἐξεργάσαντο
1103 1651 1182 1690 τοῦ
1214 1648 1580 1706 παραδείγματος
1611 1650 1801 1692 κάλλιον
1833 1629 1887 1691 τά
1918 1663 1963 1691 τε
1998 1647 2131 1702 ἄλλα,
2166 1653 2240 1691 καὶ
2275 1647 2570 1704 συγκειμένου
2623 1637 2626 1640 ⁴

609 1745 687 1787 σφι
722 1734 921 1790 πωρίνου
953 1728 1092 1772 λίθου
1126 1734 1296 1771 ποιέειν
1328 1729 1406 1770 τόν
1441 1729 1553 1785 νηόν
1586 1731 1761 1787 Παρίου
1794 1730 1847 1772 τοὶ
1869 1727 2108 1788 ἔμπροσθε
2135 1725 2269 1773 αὐτοῦ
2291 1727 2569 1784 ἐξεποίησαν.

608 1810 691 1855 Cfr.
725 1810 753 1862 l,
796 1811 895 1853 493.
951 1808 1029 1853 Ab.
1064 1808 1324 1869 exspectabat
1358 1808 1461 1852 hanc
1495 1807 1577 1852 fere
1610 1809 1848 1853 sententiam
1872 1824 2129 1870 expressam:
2163 1809 2236 1854 sie
2258 1808 2571 1855 aber-§christan

606 1892 738 1936 sowol
784 1892 833 1934 in
880 1892 1073 1934 anderen
1114 1890 1311 1933 Puncten
1353 1891 1422 1933 die
1456 1889 1765 1945 festyesetzten
1798 1891 2111 1947 Bedinyunqen
2143 1892 2211 1935 als
2243 1891 2352 1935 auch
2383 1892 2432 1933 in
2464 1891 2571 1943 dem,

607 1975 712 2018 ἄειδε
760 1973 823 2017 sie
864 1976 970 2016 statt
1008 1973 1083 2016 des
1122 1972 1482 2026 vertraysmdsziq
1515 1971 1788 2027 bedunqenen
1819 1972 2073 2017 Kalksteins
2097 1973 2337 2029 parischen
2369 1970 2572 2014 Marmor

606 2055 896 2097 verwandten.
960 2053 1019 2095 De
1067 2052 1191 2095 altero
1239 2053 1362 2110 hujus
1406 2052 1479 2093 ioci
1520 2053 1761 2096 anacoiutho
1803 2052 1906 2095 infra
1957 2053 2198 2096 mentionem
2249 2053 2452 2096 faciemus.
2518 2051 2566 2101 V,

610 2138 682 2184 83,
733 2160 797 2166 -
846 2131 1081 2187 Αἰγινῆται
1123 2128 1418 2189 Ἐπιδαυρίων
1467 2129 1634 2186 ἤκουον
1675 2136 1728 2175 τά
1759 2149 1803 2175 τε
1836 2131 1969 2185 ἄλλα,
2003 2139 2076 2177 καὶ
2110 2134 2235 2181 δίκας
2267 2133 2572 2188 διαβαίνοντες

608 2212 651 2262 ἐς
690 2209 959 2271 Ἐπίδαυρον
999 2210 1207 2256 ἐδίδοσάν
1251 2228 1296 2254 τε
1329 2215 1403 2254 καὶ
1436 2209 1701 2267 ἐλάμβανον
1733 2210 1842 2272 παρ’
1874 2209 2088 2270 ἆλλήλων
2120 2214 2163 2257 οἳ
2195 2213 2439 2269 Αἰγινῆται.
2504 2211 2570 2256 Sic

608 2308 682 2353 ego
727 2293 954 2353 distingu03
994 2291 1043 2335 D.
1086 2291 1176 2335 Joh.
1211 2292 1295 2343 Kr.,
1333 2291 1424 2343 Ab„
1462 2299 1551 2352 post
1584 2290 1750 2349 ἤκουον
1782 2302 1941 2339 tantum
1974 2308 2128 2338 comma
2162 2300 2398 2353 posuerunt,
2434 2291 2568 2341 Schw,

605 2382 643 2419 et
693 2373 763 2434 Sg.
815 2380 906 2433 post
950 2371 1071 2418 ἄλλα
1103 2387 1279 2433 quoque,
1315 2371 1376 2417 St.
1412 2381 1558 2419 neutro
1591 2373 1688 2419 loeo.
1753 2374 1943 2421 Ceterum
1975 2374 2273 2435 comparandus
2306 2380 2366 2418 est
2400 2373 2428 2425 l,
2471 2374 2570 2416 ⁴193.

604 2454 693 2499 Huc
726 2454 835 2499 haud
869 2453 952 2498 seio
985 2468 1038 2498 an
1072 2453 1220 2514 optime
1254 2452 1454 2498 referatur
1486 2454 1605 2498 etiam
1639 2454 1707 2506 lx,
1745 2457 1817 2507 25,
1851 2453 1878 2498 o‘
1908 2457 1997 2515 γιῖρ
2015 2457 2167 2513 χῶρος
2187 2451 2386 2509 ἐφαίνετο
2410 2452 2573 2511 πολλῷ

605 2535 692 2578 ε’(ῠν
726 2535 1069 2593 ἐπιτηδειότερος
1103 2562 1163 2567 —
1197 2561 1259 2568 —
1292 2562 1352 2568 —
1387 2538 1440 2578 τά
1471 2551 1514 2578 τε·
1548 2534 1668 2579 ἄλλα
1700 2542 1774 2579 καὶ
1807 2532 2105 2594 εὐυδρότερος.
2161 2534 2232 2578 Hic
2266 2534 2338 2578 Kr.
2372 2534 2571 2578 desiderat

606 2616 861 2677 participium
910 2613 1011 2669 ἐών,
1047 2615 1117 2660 sed
1150 2630 1231 2675 qua
1265 2623 1326 2660 est
1361 2624 1499 2661 noster
1532 2617 1643 2663 locus
1675 2633 1768 2663 cum
1802 2616 1862 2669 iis,
1897 2617 1968 2677 qui
2002 2631 2127 2677 supra
2159 2615 2263 2661 allati
2297 2622 2405 2667 sunt,
2455 2615 2571 2661 simi-

606 2695 786 2747 litudine,
830 2695 1113 2739 consuetudini
1153 2695 1342 2739 Herodoti
1375 2697 1503 2756 magis
1536 2707 1853 2743 consentaneum
1887 2698 2046 2743 videtur
2078 2711 2171 2741 cum
2204 2696 2390 2740 Abichtio
2422 2695 2572 2740 intelli-

607 2792 703 2837 gere
736 2776 906 2821 verbum
940 2773 1007 2834 ἦν,
1044 2776 1114 2819 Kr.
1149 2777 1178 2820 l.
1214 2779 1286 2827 62,
1333 2780 1363 2828 1,
1402 2780 1442 2828 6,
1479 2779 1539 2822 vel
1573 2780 1721 2824 rectius
1753 2779 1925 2823 fortasse
1958 2778 2159 2834 ἐφαίνετο
2192 2776 2332 2834 (ἐών).
2388 2778 2451 2822 Ad
2474 2779 2572 2821 haee

608 2857 802 2917 exempla,
855 2856 895 2900 in
937 2856 1087 2915 quibus
1132 2872 1352 2916 pronomen
1386 2855 1526 2908 ἄλλος
1556 2869 1627 2904 aut
1660 2860 1789 2904 solum
1822 2868 1862 2904 et
1894 2859 1935 2903 in
1969 2868 2114 2903 neutro
2148 2858 2364 2903 accusativi
2397 2858 2573 2918 positum

607 2947 678 2985 aut
728 2947 865 2998 partes
913 2938 1109 2990 attributi,
1158 2937 1268 2998 quod
1311 2938 1461 2991 dicunt,
1512 2955 1638 3000 agens
1670 2940 1857 2992 occurrit,
1894 2942 2076 3000 proxime
2108 2939 2259 2985 aceedit
2294 2940 2357 2991 vl,
2395 2941 2467 2991 21,
2504 2939 2572 2984 ubi

608 3020 845 3065 adverbium
880 3017 997 3078 ἄλλῃ
1031 3018 1170 3063 eodem
1204 3019 1323 3064 modo
1357 3028 1598 3081 usurpatum
1621 3029 1695 3074 est,
1715 3017 1947 3079 Ἀθηναῖοι
1972 3024 2060 3077 μὲν
2081 3024 2169 3080 γὰρ
2193 3021 2334 3080 δῆλον
2357 3019 2574 3078 ἐποίησαν

607 3098 1028 3160 ὑπεραχθεσθέντες
1066 3102 1120 3158 τῇ
1152 3101 1358 3157 Μιλήτου
1393 3099 1535 3145 ἁλιάσι
1571 3105 1621 3160 τῇ
1654 3118 1694 3146 τε
1729 3099 1845 3160 ἄλλῃ
1880 3103 2100 3159 πολλαχῇ,
2134 3105 2209 3145 καὶ
2243 3101 2298 3160 δὴ
2332 3104 2406 3144 καὶ
2438 3102 2573 3157 ποιή-
