2941 3765
657 329 710 373 '¹⁴'
1480 348 1514 381 S.
1537 349 1576 381 E.
1600 348 1782 382 Melander.

648 456 719 498 Kr.
742 455 1016 499 accusativum
1039 455 1267 500 absolutum
1290 464 1555 516 agnoverunt.
1592 457 1672 505 Vll,
1705 455 1801 505 157,
1827 453 1938 511 οἳλής
1957 457 2044 508 μὲν
2066 455 2153 510 γάρ
2179 460 2402 509 γενομένη
2427 455 2551 494 πᾶσα
2574 451 2603 509 ἦ

640 535 800 584 Ἕλλάς
821 540 920 592 χεὶρ
953 538 1132 592 μεγάλη
1167 539 1413 590 συνάγεται.
1446 562 1504 568 -
1537 535 1641 579 Cum
1671 536 1745 578 hoc
1776 536 1861 579 loco
1891 535 1968 578 Ab.
2004 542 2111 577 recte
2140 534 2308 577 contulit
2330 534 2375 582 ll,
2403 536 2484 585 663
2510 546 2602 576 nam

648 614 878 660 Herodotus
911 616 1084 675 primum
1119 616 1342 674 scripturus
1376 630 1465 657 esse
1496 614 1672 659 videtur:
1707 613 1749 658 ἆ.
1784 632 1835 669 μ.
1872 630 1914 670 γ.
1947 630 1989 670 γ.
2023 631 2067 656 π.
2109 611 2147 670 ἦ.
2166 611 2224 656 Ἑ.
2244 616 2373 669 χεῖρα
2394 614 2603 667 μεγάλην

648 701 831 754 παρέχει
874 696 897 741 Ι.
927 700 1024 754 χεὶρ
1057 696 1236 751 μεγάλη
1271 700 1450 750 γίνεται.
1517 694 1602 739 Csr.
1638 695 1720 746 Vll,
1758 697 1863 741 236.
1927 693 2114 740 Concedo
2146 703 2293 743 tamen,
2329 693 2447 742 hunc,
2473 692 2601 736 locum

648 777 788 822 referri
818 792 938 837 posse
970 776 1020 820 ad
1054 775 1104 826 id,
1139 775 1245 834 quod
1282 776 1470 835 praecipit
1503 776 1573 819 Kr.
1609 777 1653 826 ll,
1693 779 1764 828 56,
1802 780 1841 827 9,
1880 778 1920 821 2.
1986 775 2071 819 Cfr.
2105 776 2168 826 ΙΙΙ,
2205 771 2263 818 95
2287 777 2345 830 ⁵).

773 876 835 920 Ad
860 891 963 934 quos
981 875 1087 917 locos
1105 874 1277 932 (lenique
1294 875 1456 918 accedat
1474 876 1538 925 Vl,
1567 878 1663 926 132,
1684 875 1864 932 αἰτήσας
1880 873 1926 915 δὲ
1947 880 2046 922 νίας
2062 900 2120 906 —-
2142 900 2199 905 —
2220 900 2279 904 —
2298 900 2356 905 —
2371 869 2601 928 Ἀθηναῖοι

651 956 917 1015 παρέδοσαν.
983 954 1061 998 Sed
1111 955 1160 998 ad
1192 955 1234 998 h.
1268 955 1306 1005 1.,
1349 956 1539 1013 quoniam
1573 956 1721 1015 duplex
1755 962 1816 999 est
1849 956 1935 1013 ejus
1967 955 2246 1003 anacoluthon.
2283 955 2385 997 infra
2420 960 2602 996 reverte—

649 1052 754 1082 mur.
789 1064 848 1069 —
881 1035 1086 1095 Superiori
1121 1035 1452 1080 anacoluthorum
1485 1037 1620 1095 generi
1654 1044 1870 1096 cognatum
1904 1044 1963 1080 est
1996 1037 2085 1081 hoc.

771 1134 1072 1177 Nominativus
1113 1135 1347 1190 participii
1385 1139 1426 1178 et
1465 1136 1558 1179 sine
1589 1136 1758 1178 nomine
1792 1139 1832 1178 et
1864 1149 1959 1178 eum
1989 1149 2036 1178 eo
2080 1134 2393 1177 antecedentem
2425 1131 2605 1185 subjecti

650 1215 960 1261 nominativum
1002 1214 1193 1270 respicit,
1228 1228 1312 1270 pro
1347 1229 1426 1270 quo
1460 1229 1585 1259 casus
1618 1215 1774 1271 aliquis
1808 1213 1999 1270 obliquus
2031 1218 2106 1258 aut
2134 1214 2300 1269 positus
2332 1219 2396 1260 est
2428 1218 2501 1258 aut
2523 1214 2604 1268 fa·

649 1296 731 1340 eile
762 1295 1031 1349 intelligitur.
1096 1294 1167 1337 Kr.
1201 1295 1229 1345 l,
1270 1295 1338 1345 45,
1375 1297 1415 1346 2,
1454 1298 1502 1343 3:
1536 1295 1582 1345 ΙΙ,
1623 1295 1691 1344 45,
1737 1298 1770 1345 1,
1808 1296 1850 1338 2.

767 1391 883 1446 Quae
915 1390 1154 1436 anacolutha
1188 1391 1244 1435 sic
1277 1398 1365 1436 orta
1399 1399 1495 1437 sunt
1528 1398 1571 1437 ut
1607 1391 1811 1452 superiora
1846 1389 2110 1435 locutionibus
2143 1390 2245 1435 idem
2277 1391 2357 1436 l'ere
2382 1391 2605 1437 valentibus

644 1475 750 1517 inter
784 1488 828 1516 se
860 1473 1111 1532 permutatis,
1163 1473 1233 1516 Kr.
1268 1473 1296 1523 Ι,
1334 1476 1405 1523 56,
1443 1477 1482 1524 9,
1524 1473 1570 1518 4:
1605 1473 1654 1516 R.
1687 1476 1712 1526 S
1751 1475 1848 1523 130,
1892 1475 1924 1522 l,
1957 1472 2080 1516 adun.
2121 1475 2155 1522 1,
2194 1475 2243 1521 2;
2269 1474 2346 1518 Κυ.
2381 1478 2406 1528 S
2442 1474 2531 1519 677
2566 1481 2605 1517 et

646 1554 750 1605 678,
792 1557 836 1608 1·,
875 1539 1016 1597 Matth.
1051 1557 1075 1607 S
1112 1555 1214 1603 562,
1258 1555 1273 1595 1
1302 1554 1361 1608 ⁶).
1428 1553 1544 1597 Falsa
1579 1552 1807 1596 nominativi
1849 1552 2020 1596 absoluti
2061 1553 2267 1611 appellatio
2311 1554 2401 1598 huie
2442 1569 2604 1613 quoque

645 1634 979 1679 anacoluthorum
1018 1634 1154 1693 generi
1197 1632 1348 1677 tributa
1389 1648 1515 1691 quum
1559 1633 1664 1692 apud
1707 1632 1804 1676 alios
1856 1632 2056 1676 iuvenitur
2106 1641 2191 1676 tum
2240 1632 2346 1693 apud
2396 1633 2603 1679 Stallbau-

644 1716 782 1765 mium,
815 1715 857 1758 in
889 1714 991 1757 Plat.
1025 1713 1136 1758 Crat.
1172 1716 1276 1757 395.
1342 1713 1425 1757 Cfr.
1459 1712 1627 1755 indicem
1662 1728 1700 1771 p.
1736 1712 1840 1756 242.

767 1811 856 1855 Jam
902 1812 1078 1872 primum
1127 1812 1223 1855 haec
1272 1811 1511 1856 anacolutha
1560 1825 1609 1853 ex
1659 1826 1706 1854 eo
1748 1817 1836 1853 orta
1878 1818 1985 1861 sunt,
2030 1810 2138 1868 quod
2172 1811 2342 1870 scriptor
2375 1828 2398 1855 a
2432 1812 2602 1871 passiva,

646 1907 771 1951 quam
803 1892 953 1944 dicunt,
988 1892 1287 1938 constructione
1320 1891 1368 1934 ad
1403 1891 1573 1935 activam
1607 1892 1778 1934 transiit.
1813 1891 1912 1940 vill,
1953 1890 2023 1940 74,
2051 1916 2109 1922 —
2134 1892 2283 1934 πολλοὶ
2306 1890 2480 1948 ἐλέγετο
2504 1897 2606 1951 περὶ

647 1974 738 2013 τῶν
755 1967 913 2024 aaran,
932 1971 976 2014 οἳ
993 1975 1092 2026 μὲν,
1112 1970 1173 2022 (ὗς
1190 1971 1232 2020 ἐς
1246 1974 1324 2028 τήν
1342 1974 1693 2027 Πελοπόννησον
1704 1974 1854 2029 χρεων
1871 1972 1938 2027 εἴη
1952 1967 2214 2013 ἆποπλαίειν
2225 1998 2297 2021 -,
2312 1968 2544 2029 Ἀθηναῖοι
2558 1973 2604 2014 δὲ

648 2055 722 2094 καὶ
757 2049 989 2108 Αἰγινῆται
1022 2054 1097 2093 καὶ
1130 2052 1362 2109 Μεγαρέες
1391 2046 1522 2094 miro&
1544 2058 1761 2107 μένοντας
1782 2047 2061 2107 ἀμύνασθαι.
2105 2051 2199 2095 Post
2225 2056 2323 2111 περὶ
2350 2055 2436 2096 τῶν
2458 2048 2605 2096 αὐτῶν

757 2230 789 2273 ⁵)
817 2227 944 2269 SchW.‚
986 2226 1143 2262 Lexicou
1186 2226 1441 2269 Herodoteum‚
1482 2227 1715 2274 Argentorati
1755 2231 1792 2262 et
1826 2226 1972 2263 Parisiis
2007 2225 2120 2270 1824,
2156 2228 2256 2263 Tom.
2294 2229 2339 2271 11,
2367 2239 2450 2275 pag.
2478 2226 2542 2268 98,
2570 2230 2606 2262 et

651 2290 935 2334 Wannowskius,
961 2290 1129 2337 Syntaxis
1154 2289 1318 2325 anomala
1343 2290 1572 2333 Graecorum,
1601 2289 1741 2337 Lipsiae
1768 2288 1882 2332 1835,
1910 2302 1993 2336 pag.
2022 2288 2083 2330 57,
2120 2294 2342 2326 erraverunt.
2397 2290 2607 2325 Stat-uerunt

649 2352 743 2387 enim
782 2355 962 2401 μεσοῦσα
990 2348 1013 2404 ἡ
1042 2348 1176 2403 ἡμέρη,
1212 2352 1274 2395 ΙΙΙ,
1309 2351 1392 2394 104,
1420 2364 1494 2387 esse
1521 2352 1777 2388 nominativum
1805 2353 1888 2397 abs;
1917 2356 1969 2388 est
1995 2357 2114 2388 tamen
2141 2352 2240 2388 verbi
2259 2348 2367 2390 καίει
2387 2352 2605 2399 subjectum3

650 2415 818 2451 meridies
844 2415 923 2451 vav-it
947 2432 999 2448 =
1024 2416 1140 2452 medio
1167 2416 1224 2452 die
1248 2416 1303 2453 sol
1328 2416 1414 2451 mn't.
1469 2415 1533 2450 Lh.

756 2490 789 2534 ⁶)
818 2488 1031 2524 Conferatur
1064 2489 1161 2523 locus
1196 2489 1405 2524 Homericus
1432 2488 1472 2523 11.
1499 2489 1544 2531 11,
1571 2487 1790 2532 350-353,
1826 2489 1888 2535 qui
1915 2489 2011 2526 inter
2036 2489 2121 2524 haec
2146 2488 2359 2524 anacolutha
2385 2492 2420 2523 et
2446 2488 2608 2535 proxime

651 2552 837 2599 sequentia
862 2552 963 2599 quasi
991 2552 1029 2587 in
1056 2551 1173 2587 medio
1199 2551 1337 2599 positus
1362 2555 1428 2588 est.
1483 2552 1551 2588 Sed
1579 2551 1752 2599 optimum
1778 2552 1992 2600 exemplum,
2019 2564 2063 2588 ex
2080 2564 2152 2599 quo
2170 2551 2295 2587 horum
2314 2551 2605 2587 anacoluthorum

650 2614 787 2650 indoles
813 2615 979 2650 facillime
1005 2615 1239 2661 intelligatur,
1268 2615 1363 2661 apud
1391 2614 1598 2661 Euripidem
1626 2615 1840 2657 invenimus,

1148 2705 1391 2756 αἰσχύνομαί
1419 2721 1465 2746 σε
1490 2705 1770 2758 προσβλέπὲιν
1796 2705 1988 2755 ἐναντίον,

1126 2768 1422 2822 ·Πολυμῆστορ,
1452 2767 1493 2808 ἐν
1519 2769 1700 2808 τοιοῖσδε
1726 2767 1886 2822 κειμένη
1912 2772 2064 2817 κακοῖς.

1143 2829 1229 2884 ὅτῳ
1249 2831 1325 2883 γὰρ
1351 2829 1500 2885 ὤφθην
1526 2827 1739 2881 εὐτιχοῢσ’,
1768 2829 1895 2880 αἰδώς
1920 2829 1966 2883 μ’
1993 2829 2072 2883 ἔχει

1144 2892 1186 2931 ἕν
1214 2894 1315 2944 τῷδε
1343 2893 1488 2944 πότμῳ
1515 2891 1755 2943 τυγχάνουσ’,
1785 2892 1841 2931 ἵν’
1868 2893 1952 2943 εἰμὶ
1983 2900 2057 2939 νῦν,

1856 2981 1943 3016 Eur.
1971 2982 2057 3016 Hec.
2086 2980 2305 3016 968—971.
2361 2981 2503 3027 Pflugk.

753 3065 913 3112 Apparet
930 3063 1037 3107 enim,
1058 3063 1267 3110 Euripidem
1287 3061 1531 3113 τυγχάνουσα
1550 3064 1758 3100 scribentem
1778 3078 1851 3100 non
1870 3065 1913 3100 de
1932 3060 2058 3110 αἰδώς
2074 3060 2115 3113 μ’
2136 3060 2216 3112 ἔχει
2233 3066 2296 3101 sed
2310 3066 2353 3101 de
2368 3062 2624 3113 αἱσχὺνομαι”

650 3127 847 3175 cogitasse;
876 3127 912 3163 id
939 3126 1037 3175 quod
1063 3125 1246 3163 intellectu
1275 3138 1316 3162 eo
1343 3125 1480 3163 facilius
1506 3129 1571 3169 est,
1600 3126 1696 3174 quod
1723 3127 1789 3163 hoc
1816 3127 1892 3175 ipso
1920 3127 2089 3164 vocabulo
2115 3127 2235 3176 paullo
2262 3140 2370 3176 supra
2396 3140 2482 3165 usus
2507 3130 2569 3163 est.
