2941 3765
1002 319 1059 359 ¹De
1081 318 1290 352 anacoluthis
1312 316 1528 351 Herodoteis.
2184 299 2236 339 5⁴

407 426 488 470 Sed
521 434 609 471 tum
642 427 849 471 abnormis
882 429 927 472 fit
959 427 1220 477 constructio,
1256 440 1383 485 quum
1417 426 1458 468 in
1492 424 1771 468 enunciatione
1803 423 1949 483 prioris
1971 423 2243 482 comprehen-

287 506 411 550 sionis
459 507 647 566 primaria
691 514 754 551 est
797 522 876 551 non
910 515 998 563 μέν
1031 508 1102 552 sed
1137 507 1187 550 δέ
1206 508 1266 562 ⁴).
1329 506 1482 549 Eorum
1516 513 1664 554 autem,
1699 518 1804 562 quae
1837 518 1962 562 supra
1994 503 2099 547 dicta
2132 509 2241 554 sunt,

285 586 384 631 haec
416 586 598 645 exempla
629 587 783 646 collegi:

407 666 438 711 1.
487 665 557 712 ubi
589 666 631 711 in
665 666 830 727 simplici
862 668 1217 728 comprehensione
1248 667 1343 713 illud
1377 667 1428 711 δέ
1459 666 1643 725 sequitur

410 748 474 804 α).
516 746 795 792 secundariam
821 747 1225 801 enunciationem,'ll,
1256 749 1327 800 32,
1356 744 1450 791 ἐπεὶ
1475 740 1541 790 ὥν
1566 748 1665 793 τούς
1690 749 1863 801 νεηνίας
1880 771 1940 777 —
1961 771 2018 776 —
2038 771 2113 798 —,
2132 742 2244 787 ἰέναι

288 852 345 858 -
375 852 437 858 -
462 853 537 882 -,
564 826 879 880 διεξελθόντας
902 828 947 872 δὲ
968 831 1122 890 χαῖρον
1145 830 1321 881 πολλόν
1345 855 1406 861 -
1428 855 1489 862 -
1516 854 1575 860 -
1605 825 1715 870 ἰδεῖν
1742 851 1815 879 -,
1843 824 1912 870 ubi
1936 823 2124 869 Reiskius
2153 823 2246 884 legit

288 905 417 950 εἷπον
438 923 513 966 pro
535 908 642 951 ἐπεί.
676 909 886 953 Bekkerus
908 918 1041 953 autem
1065 912 1226 954 mavult·
1238 917 1309 954 aut
1331 909 1423 952 ἐκεῖ
1441 916 1512 953 aut
1536 907 1742 957 ἐκείνους,
1766 920 1942 963 quorum
1965 906 2135 948 alterum
2153 905 2244 947 Joh.

287 994 327 1031 et
343 987 421 1031 Ab.
439 997 690 1047 receperunt.
714 988 774 1033 St.
793 991 942 1041 statuit,
962 991 1108 1049 aliquid
1127 999 1217 1049 post
1233 1005 1371 1035 vocem
1390 988 1561 1045 ἡλίκων
1578 988 1787 1031 excidisse.
1811 987 1890 1029 Sed
1909 986 2091 1029 codicum
2110 986 2244 1045 scrip-

287 1074 422 1112 turam
469 1067 735 1114 desenderunt
781 1069 1050 1121 Hermannus,
1101 1070 1142 1113 in
1183 1070 1388 1129 Viget-um,
1431 1084 1522 1129 pag.
1558 1067 1661 1118 783,
1697 1066 1847 1117 Schw„
1883 1067 2117 1116 Bredovius‚
2155 1081 2245 1125 pag.

295 1147 403 1192 407.v
459 1149 507 1191 ll.
572 1148 670 1199 434,
723 1148 822 1191 ἐπε-ί
865 1166 919 1191 τε.
956 1152 1043 1206 γάρ
1091 1137 1308 1197 πολλάκις
1355 1151 1674 1207 κηρυσσόντων
1721 1148 1920 1202 Δελφῶν
1953 1174 2011 1179 -
2065 1174 2125 1178 -
2170 1174 2245 1199 -,

289 1223 428 1276 ἄλλος
474 1229 559 1283 μὲν
602 1223 745 1277 ούὸεῐς
785 1226 941 1285 ἐφάνη,
967 1224 1200 1285 Ἰάδμονος
1232 1229 1278 1273 δὲ
1313 1228 1473 1278 παιδός
1504 1231 1606 1275 παῖς
1638 1224 1779 1276 ἄλλος
1803 1222 2000 1281 Ἰάδμων
2032 1222 2245 1270 ἀνείλετο.

288 1307 380 1362 Qua
429 1306 666 1352 auctoritate
697 1306 898 1353 adductus
931 1308 1007 1353 Ab.
1041 1308 1209 1369 ἔπειτεν
1240 1325 1314 1369 pro
1347 1308 1446 1353 ε’πεί
1487 1326 1531 1352 τε
1564 1308 1715 1368 legerit,
1751 1308 1913 1367 assequi
1949 1324 2030 1352 non
2063 1323 2245 1367 possum.

288 1387 479 1433 Ceterum
528 1387 649 1448 liujus
697 1388 770 1433 loci
819 1388 1097 1441 anacoluthon,
1147 1389 1255 1449 quod
1295 1388 1366 1449 Sg.
1401 1398 1441 1435 et
1474 1390 1549 1434 Lh.
1584 1398 1692 1433 recte
1724 1397 1989 1448 agnoverunt,
2027 1389 2098 1434 Kr.
2133 1388 2244 1439 tollit,

289 1484 416 1530 quum
460 1483 617 1513 comma
666 1477 788 1530 ponat
837 1477 926 1530 post
975 1470 1143 1515 verbum
1192 1467 1402 1525 ἀνείλετο,
1446 1478 1493 1515 ut
1535 1469 1764 1530 primariam
1798 1470 2119 1515 enunciationem
2153 1469 2247 1514 effi-

287 1550 394 1595 ciant
426 1550 524 1594 haec
558 1545 672 1593 οῧτω
706 1555 780 1593 καὶ
814 1550 1024 1599 Αἴσωπος
1046 1546 1279 1606 Ἰάδμονος
1309 1550 1496 1607 ἐγένετο,
1530 1565 1636 1611 quae
1668 1551 1852 1610 proxime,
1885 1558 2128 1610 sequuntur.
2175 1551 2242 1602 lv,

292 1631 364 1683 72,
400 1630 536 1673 ἐπεάν
568 1634 729 1689 νεκροῦ
763 1630 950 1674 ἑκάστου
983 1634 1105 1689 παρά
1136 1634 1213 1689 τήν
1247 1630 1458 1675 ἄκανθαν
1492 1632 1628 1683 ξύλον
1662 1627 1812 1690 ὀρθόν
1846 1631 2090 1686 διελάσωσι
2113 1638 2248 1692 μέχρι

289 1716 367 1755 τοῦ
400 1713 638 1771 τραχήλου,
681 1711 890 1754 κάτωθεν
923 1711 968 1754 δὲ
1002 1710 1203 1770 ὑπερέχει
1234 1714 1311 1756 τοῦ
1345 1712 1479 1763 ξύλου
1514 1715 1680 1765 τούτου,
1718 1715 1763 1755 τό
1798 1711 1839 1760 ἐς
1870 1712 2043 1769 τόρμον
2075 1716 2249 1770 πηγνύ-

291 1806 390 1836 ουσι
439 1795 516 1836 τοῦ
565 1792 713 1851 ἑτέρου
763 1791 898 1843 ξύλου
948 1819 1005 1825 -—
1048 1819 1122 1834 —.
1165 1792 1263 1836 Illud
1297 1793 1347 1835 δέ
1377 1793 1657 1837 exterminavit
1692 1793 1783 1843 Ab„
1819 1793 2136 1851 circumscripsit
2170 1793 2245 1844 St„

291 1872 474 1933 spurium
508 1887 598 1917 esse
630 1873 786 1933 putavit.
818 1872 890 1916 Kr.
935 1872 998 1916 Ex
1030 1872 1088 1923 iis,
1124 1872 1193 1932 qui
1224 1873 1329 1917 hanc
1361 1872 1598 1933 particulam
1634 1880 1912 1923 servaverunt,
1947 1871 2098 1924 Schw„
2134 1873 2248 1917 Tom.

291 1954 340 2007 V,
389 1968 480 2014 pag.
532 1954 635 2005 244,
687 1954 985 2014 interpretatur,
1029 1958 1253 2011 postquam
1302 1955 1462 2010 liquam
1503 1981 1563 1987 —
1607 1954 1932 2009 transfixerunt,
1965 1968 2092 2010 quum
2124 1954 2251 2008 infra

292 2037 476 2079 emineat
508 2050 622 2091 pars
661 2022 801 2089 hujus
823 2036 943 2089 ligni,
975 2036 1085 2078 hanc
1114 2039 1283 2090 partem
1316 2035 1505 2089 defiyunt
1537 2037 1585 2078 in
1606 2035 1816 2088 foramen
1850 2061 1909 2066 —
1943 2061 2007 2067 —
2039 2041 2079 2078 et
2111 2035 2251 2079 eodem

290 2115 373 2159 fere
414 2114 533 2158 modo
576 2114 755 2158 suethice
787 2114 890 2165 Joh.,
927 2114 997 2157 sed
1030 2114 1177 2158 rectius
1208 2115 1282 2157 Lh.
1317 2116 1406 2158 iam
1437 2114 1490 2157 ab
1523 2115 1608 2157 imo
1638 2128 1748 2169 pars
1781 2115 1889 2168 liym‘
1920 2115 2050 2167 hujus
2083 2117 2252 2169 eminet,

292 2209 418 2252 quam
467 2221 526 2228 —
579 2221 637 2227 —
687 2222 759 2239 —.
808 2195 874 2245 lV,
928 2194 998 2245 76,
1051 2221 1111 2227 --
1157 2192 1255 2237 ἐπεί
1294 2210 1337 2237 τε
1383 2221 1443 2226 -
1478 2221 1541 2227 —-
1574 2222 1636 2226 —
1670 2193 1899 2249 ἐκομίζετο
1933 2193 1977 2243 ἐς
2008 2192 2129 2252 ἤθεα
2161 2199 2251 2238 τῶν

293 2277 535 2329 Σκυθέων,
569 2277 740 2317 πλιόων
775 2275 820 2317 δὲ
857 2271 931 2317 δι’
958 2273 1283 2335 Ἑλλησπόντου
1316 2280 1548 2332 προσίσχει
1582 2273 1624 2323 ἐς
1656 2276 1864 2325 Κύζικον.
1919 2274 2018 2319 Illud
2054 2274 2117 2329 δέ,
2140 2275 2250 2334 quod

294 2356 333 2400 h.
383 2355 408 2399 l.
458 2355 662 2400 codicibus
712 2356 810 2399 satis
844 2363 906 2400 est
937 2356 1230 2407 confirmatum,
1265 2354 1581 2416 circumscripsit
1614 2354 1700 2408 Kr.,
1736 2355 1971 2401 deleverunt
2002 2354 2064 2401 St.
2098 2364 2139 2401 et
2172 2356 2250 2403 Ab.

292 2438 367 2481 Lh.
400 2445 534 2482 autem
568 2437 793 2481 rectissime
824 2437 991 2482 contulit
1022 2437 1088 2487 lv,
1126 2436 1197 2482 72.
1262 2436 1308 2486 ΙΙ,
1346 2438 1386 2486 5,
1423 2462 1481 2468 —-
1516 2439 1571 2478 τὰ
1602 2438 1858 2494 κατύπερθε
1893 2436 1952 2479 ἔτι
1985 2441 2061 2496 τῆς
2089 2438 2254 2494 λίμνης

292 2517 449 2576 ταύτης
492 2541 548 2547 —-
585 2542 644 2547 ——-
678 2542 754 2572 -,
790 2519 863 2576 τῆς
893 2523 994 2576 περι
1027 2515 1185 2560 ἐκεῖνοι
1219 2512 1348 2560 οὐδὲν
1380 2514 1441 2559 ἔτι
1475 2515 1646 2561 τοιόνδε
1674 2515 1856 2575 ἔλεγον,
1892 2516 1980 2562 ἔστι
2013 2514 2070 2564 δ’
2102 2517 2252 2578 ἕτερον

273 2602 478 2640 τοιοῦτο.
544 2599 616 2641 Hic
649 2598 740 2639 ἔστι
774 2598 881 2655 ἔτερ.
915 2615 949 2640 τ.
983 2599 1209 2657 oppositum
1241 2606 1303 2639 est
1334 2598 1603 2640 enunciationi
1639 2601 1821 2658 proxime
1845 2600 2109 2650 antecedenti,
2134 2600 2252 2659 quasi

295 2679 490 2738 scriptum
540 2687 648 2723 esset
696 2679 855 2722 ἐκεῖνοι
896 2683 982 2733 μὲν
1031 2675 1160 2721 οὐδὲν
1192 2679 1365 2722 τοιόνδε
1399 2679 1559 2734 ἔλεγον
1592 2685 1694 2736 περὶ
1727 2682 1896 2737 ταύτης.
1965 2682 2025 2724 De
2057 2682 2134 2724 hoe
2167 2681 2252 2723 loco

294 2759 366 2805 cfr.
414 2776 505 2821 pag.
557 2762 630 2806 25.
696 2760 762 2811 IV,
816 2761 914 2810 489,
958 2759 1076 2816 πλὴν
1115 2762 1203 2818 γὰρ
1252 2756 1280 2815 ἢ
1321 2754 1388 2803 ὅτι
1421 2765 1597 2816 σκυτίνη
1633 2759 1663 2817 ἦ
1695 2759 1836 2817 ἐσθὴς
1867 2765 1955 2804 τῶν
1988 2764 2254 2817 Λιβυσσέων

294 2838 383 2883 ἐστὶ
430 2845 505 2883 καὶ
551 2840 594 2884 οἳ
636 2840 831 2883 θύσανοι
867 2839 910 2882 οἳ
943 2837 991 2882 ἐκ
1023 2842 1111 2883 ταῖν
1142 2837 1332 2896 αἰγίδων
1365 2834 1519 2896 αύτῇσι
1553 2835 1635 2883 οὐκ
1668 2838 1795 2896 ὄφιές
1827 2841 1925 2897 εἰσι,
1961 2839 2082 2886 ἄλλα
2114 2843 2253 2899 ἱμάν-

401 3039 435 3083 ⁴)
463 3037 516 3074 De
551 3037 586 3074 vi
613 3042 652 3074 et
678 3050 746 3075 usu
771 3039 968 3087 particulae
994 3036 1040 3078 δέ
1064 3039 1102 3075 in
1128 3037 1273 3086 apodosi
1301 3036 1366 3073 Ph.
1395 3036 1636 3075 Buttmannus
1662 3040 1801 3076 doctam
1829 3042 1984 3077 instituit
2010 3042 2254 3089 quaestionem

293 3100 332 3136 in
360 3113 512 3137 excursu
538 3102 618 3146 XII,
647 3113 753 3149 quem
780 3102 946 3151 adjunxit
972 3102 1117 3138 editioni
1143 3112 1227 3137 suae
1252 3100 1501 3137 Demosthenis
1520 3103 1691 3139 orat-ionis
1710 3104 1746 3139 in
1765 3104 1929 3140 Midiam.
1957 3104 2115 3140 Berolini
2138 3104 2251 3142 1864.
