2941 3765
699 317 757 360 56
1528 334 1562 368 s.
1587 335 1627 368 E.
1651 336 1835 369 Melander.

698 445 769 493 55,
826 442 863 493 4,
922 445 999 497 40;
1050 442 1181 486 Madv.
1232 446 1257 496 S
1305 446 1412 506 159,
1465 443 1559 487 adn.
1611 445 1659 499 43
1701 445 1749 489 R.
1793 449 1817 499 S
1866 447 1964 494 122,
2000 444 2093 487 adn.
2130 446 2182 497 33
2217 443 2295 487 Ku.
2330 446 2355 497 S
2390 441 2495 494 771,
2534 442 2659 498 5r‘b3

695 522 838 567 Matth.
872 525 898 578 S
933 525 1037 578 631,
1074 525 1114 575 2,
1151 523 1246 579 fin.;
1283 523 1329 568 B.
1364 538 1456 585 pag.
1493 527 1598 570 369.
2154 527 2156 530 ’

816 604 948 664 Hujus
996 604 1157 664 generis
1207 612 1304 648 sunt
1354 605 1383 655 1,
1436 604 1540 656 207,
1587 603 1716 649 εἷπον
1755 609 1843 662 μὲν
1883 612 1958 650 καὶ
1997 608 2217 666 πρότερόν
2256 620 2339 658 τοι,
2375 600 2440 648 ὅτι
2474 603 2574 647 ἐπεί
2600 618 2661 660 με

696 688 806 734 Zetis*
854 685 997 729 ἔδωκέ
1043 702 1125 738 τοι,
1178 688 1226 730 τό
1261 683 1316 729 ἂν
1352 685 1449 743 ὁρῶ
1483 687 1675 743 σφάλμα
1708 687 1928 745 ἐόν.οἴκῳ
1961 691 2024 745 τῷ
2056 691 2140 745 σῷ,
2173 689 2283 729 κατὰ
2317 686 2511 741 δύναμιν
2544 682 2661 727 ἄπο-

694 772 889 825 τρέψειν.
947 765 1064 811 Haud
1098 765 1232 826 inepte
1265 766 1326 811 St.
1359 766 1652 819 animadvertit,
1690 766 1881 827 particula
1914 762 1981 812 ὅτι
2015 767 2196 812 immissa
2227 774 2414 827 apertum
2446 764 2545 816 fleri,
2578 781 2661 825 quo

694 846 922 891 enunciatio
953 845 1052 889 ἐπεί
1080 872 1143 879 —
1183 846 1326 890 ἔδωκέ
1357 863 1423 890 τοι
1464 848 1672 893 reserenda
1717 848 1780 892 sit.
1847 848 1911 899 111,
1950 850 2033 899 32,·
2059 846 2294 904 Αἰγύπτιοι
2327 845 2375 889 δὲ
2409 848 2493 902 (sc.
2529 849 2660 903 φασι)

695 925 758 975 ὥς
803 929 989 985 τραπέζῃ
1040 935 1410 985 περικατημένων
1457 930 1689 987 λαβοῦσαν
1743 928 1943 987 θρίδακα
1990 931 2070 987 τήν
2110 931 2301 984 γυναῖκα
2333 927 2551 986 περιτῖλαι
2587 930 2661 969 καὶ

695 1006 1017 1066 ἕπανείρεσθαι
1065 1011 1143 1051 τόν
1192 1007 1349 1068 ἄνδρα.
1414 1012 1517 1055 Cum
1567 1012 1642 1053 hoc
1675 1011 1761 1053 loco
1794 1010 1896 1053 male
1926 1017 2265 1070 comparaverunt
2297 1008 2372 1051 Lh.
2407 1016 2447 1051 et
2480 1008 2558 1052 Ab.
2592 1008 2659 1059 lv,

702 1088 801 1141 137,
837 1088 909 1149 Sg.
946 1090 973 1140 l,
1011 1091 1094 1145 703
1130 1106 1224 1134 nam
1247 1092 1311 1136 ‚ihi
1346 1093 1500 1137 nullum
1534 1101 1595 1135 est
1628 1074 1910 1137 anacoluthon.
2395 1080 2398 1083 ¹

822 1171 899 1216 Fit
943 1166 1078 1216 ¹etiam
1121 1187 1451 1230 nonnumquam,
1492 1179 1539 1219 ut
1578 1175 1767 1230 scriptor
1806 1188 1928 1218 voces
1961 1176 2165 1228 neyantes
2196 1176 2387 1227 usurpet,
2420 1187 2526 1228 quae
2559 1171 2661 1225 affi-

695 1267 795 1297 nem
843 1265 989 1297 vocem
1036 1253 1288 1310 respiciant,
1329 1269 1456 1312 quum
1488 1255 1610 1300 nulla
1643 1255 1852 1310 ejusmodi
1884 1268 1965 1299 vox
1998 1255 2044 1299 in
2077 1252 2423 1298 antecedentibus
2456 1266 2664 1310 eccpressa

698 1336 766 1380 sit.
829 1333 960 1393 Cujus
1003 1335 1060 1378 rei
1093 1334 1174 1379 duo
1208 1343 1303 1381 sunt
1335 1336 1442 1395 apud
1476 1336 1720 1381 Herodotum
1755 1336 1948 1396 exempla,
1985 1336 2031 1387 ll,
2069 1338 2141 1384 91,
2171 1330 2467 1389 Ἑλληνικοῖσι
2502 1333 2549 1377 δὲ
2585 1349 2663 1377 νο-

699 1421 884 1471 μαίοισι
920 1413 1136 1471 φεύγουσι
1166 1417 1386 1475 χρᾶσθαι,
1420 1419 1468 1460 τό
1502 1416 1548 1460 δὲ
1584 1419 1768 1472 σύμπαν
1802 1416 1955 1470 εἰπεῖν,
1987 1416 2086 1474 μηδ
2104 1412 2119 1429 ³
2151 1414 2306 1459 ἄλλων
2338 1414 2536 1472 μηδαμὰ
2568 1430 2663 1471 μη-

700 1495 866 1552 δαμῶν
915 1493 1180 1554 ἀνθρώπων
1229 1503 1474 1552 νομαίοισι.
1541 1497 1642 1541 Nam
1694 1510 1813 1541 voces
1852 1496 1987 1554 μηδέ,
2020 1496 2232 1555 μηδαμά,
2266 1495 2500 1553 μηδαμῶν
2532 1508 2662 1539 usur-

698 1585 862 1635 pantur,
915 1577 1033 1636 quasi
1082 1584 1175 1620 ante
1223 1577 1417 1637 scriptum
1461 1587 1569 1623 esset
1603 1593 1685 1622 non
1718 1580 1934 1633 φεύγουσι
1960 1577 2183 1635 χρᾶσθαι,
2219 1577 2289 1620 Kr.
2324 1577 2352 1627 l,
2391 1578 2462 1627 55,
2500 1578 2540 1626 3,
2583 1579 2661 1629 18;

699 1658 727 1708 Ι,
767 1656 840 1708 67,
896 1659 963 1708 12,
1015 1660 1053 1708 5,
1100 1657 1169 1701 sed
1204 1658 1416 1714 φεύγουσι
1449 1662 1515 1716 μή
1542 1662 1765 1717 χρᾶσθαι,
1799 1659 1870 1702 Kr.
1904 1659 1932 1709 l,
1971 1657 2041 1709 67,
2085 1661 2151 1709 12,
2189 1661 2230 1702 3.
2296 1658 2361 1708 lv,
2400 1656 2472 1707 76,
2509 1655 2663 1701 Ξεινι-

687 1740 818 1780 ,κοῖσι
853 1737 902 1780 δὲ
933 1744 1164 1794 νομαίοισι
1196 1742 1270 1781 καὶ
1304 1732 1424 1782 οὗτοι
1457 1738 1594 1788 αἰνῶς
1617 1738 1825 1797 χρᾶσθαι
1859 1737 2087 1794 φεύγούσι,
2121 1741 2190 1796 μή
2224 1744 2292 1782 τοί
2320 1754 2371 1795 γε
2403 1732 2469 1780 ὥν
2492 1734 2662 1789 ἄλλων,

699 1819 1001 1877 Ἑλληνικοῖσι
1041 1818 1086 1860 δὲ
1128 1823 1202 1860 καὶ
1235 1814 1401 1875 ἥκιστα.
1466 1821 1546 1874 Qui
1579 1820 1691 1865 locus
1725 1820 1904 1865 similiter
1937 1827 2059 1881 atque
2092 1820 2275 1880 superior
2306 1819 2369 1863 ille
2400 1815 2663 1878 explicandus

707 1902 881 1945 videtur.
947 1898 1136 1942 Ceterum
1170 1900 1210 1942 in
1243 1900 1328 1958 ipso
1361 1902 1577 1944 verborum
1609 1909 1803 1945 contextu
1835 1901 2117 1945 constituendo
2149 1900 2324 1943 editores
2356 1899 2460 1942 inter
2494 1912 2538 1941 se
2570 1897 2661 1940 dis-

701 1988 883 2041 crepant.
948 1980 997 2023 D.
1038 1981 1165 2030 docet,
1211 1980 1450 2039 scripturam
1494 1984 1562 2038 ,ιιή
1594 1988 1666 2025 τοί
1693 2000 1745 2039 γε
1778 1980 1994 2041 ἀλλήλων
2025 1982 2137 2025 libris
2169 1980 2362 2029 exhiberi,
2397 1995 2521 2040 quam
2555 1979 2663 2022 Her—

702 2078 894 2114 mannus,
945 2061 986 2105 in
1038 2060 1228 2119 Vigerum
1270 2076 1360 2121 pag.
1404 2066 1506 2114 802,
1542 2064 1764 2109 emendavit
1797 2064 1933 2122 μήτοι
1966 2080 2018 2120 γε
2052 2060 2117 2106 ὦν
2149 2061 2319 2106 ἄλλων.
2383 2061 2662 2111 Hermannum

702 2151 840 2190 autem
889 2141 1017 2187 secuti
1068 2148 1164 2186 sunt
1214 2142 1299 2194 Lh.,
1344 2143 1427 2195 Kr.,
1470 2145 1531 2196 D.,
1568 2161 1814 2206 quamquam
1848 2146 1919 2190 Kr.
1953 2160 2035 2190 non
2069 2154 2200 2205 negat,
2236 2145 2330 2189 illud
2364 2140 2578 2201 ἀλλήλων
2610 2157 2662 2185 ex

701 2226 774 2270 Kr.
824 2225 852 2275 Ι,
908 2225 979 2274 51,
1027 2225 1065 2273 3,
1110 2222 1204 2266 adn.
1238 2223 1394 2268 defendi
1427 2241 1556 2285 posse.
1622 2226 1757 2272 Schw.
1797 2227 1903 2272 dedit
1936 2225 2004 2285 μή
2036 2243 2073 2269 τι
2106 2242 2155 2282 γε
2192 2222 2257 2269 ὢν
2290 2221 2518 2282 ἀλλήλων,
2552 2223 2662 2282 quod

700 2306 843 2351 Matth.
888 2308 912 2359 §
949 2306 1055 2353 610,
1094 2306 1120 2349 2
1156 2304 1325 2363 explicat
1359 2321 1429 2351 um
1461 2309 1578 2352 nicht
1609 2324 1661 2352 zu
1694 2323 1838 2364 sayen,
1870 2314 1999 2353 unter
2031 2309 2253 2361 einander,
2285 2308 2323 2350 d.
2355 2307 2393 2350 Ῑι.
2426 2306 2545 2349 nicht
2576 2319 2662 2348 nur

693 2387 836 2441 nicht;
876 2399 900 2429 a
946 2398 1029 2444 qua
1074 2384 1288 2445 scriptura,
1324 2401 1446 2445 quam
1479 2388 1518 2432 in
1553 2389 1753 2434 nonnullis
1786 2390 1990 2436 codicibus
2021 2404 2123 2440 esso,
2159 2387 2295 2432 Schw.
2328 2385 2545 2436 contendit,
2582 2400 2662 2429 non

695 2467 867 2512 multum
911 2465 1046 2509 differt
1088 2464 1345 2510 Jolianssonii
1378 2470 1447 2524 μή
1479 2474 1521 2512 τί
1547 2483 1595 2523 γε
1631 2465 1696 2512 ὥν
1729 2466 1896 2513 ἄλλων.
1963 2469 2041 2514 Ab.
2083 2468 2218 2512 codice
2252 2468 2287 2511 A
2321 2467 2436 2512 nisus
2466 2466 2535 2522 μὴ
2570 2452 2662 2507 ’τοι-

694 2549 854 2605 γαραῖν
904 2543 1062 2587 ἄλλων
1104 2545 1277 2605 scripsit.
1343 2546 1403 2590 St.
1446 2548 1486 2591 in
1520 2556 1754 2594 contextum
1791 2550 1939 2610 recepit
1972 2551 2040 2608 μή
2071 2555 2142 2593 tot
2170 2564 2222 2606 γε
2256 2544 2321 2592 ὥν
2354 2544 2567 2604 ἀλλήλων
2600 2544 2663 2589 ille

693 2627 869 2686 quidem,
906 2626 977 2670 sed
1011 2627 1190 2686 conjecit,
1228 2627 1440 2687 legendum
1463 2644 1553 2673 esse
1575 2636 1645 2674 aut
1666 2632 1753 2688 μήτ
1774 2627 1789 2644 ³
1813 2627 1950 2674 ὅτεων
1973 2629 2129 2674 ἄλλων
2152 2629 2327 2674 ἐθνέων
2350 2629 2373 2673 l.
2398 2624 2663 2686 ἀνθρώπων

693 2721 765 2757 aut
796 2729 847 2767 μ.
884 2710 923 2755 ὅ.
959 2708 1130 2761 ἄλλων,
1158 2706 1388 2765 Ἑλλήνων
1421 2710 1466 2752 δὲ
1501 2715 1575 2753 καὶ
1608 2707 1775 2767 ἥκιστα.
1820 2711 1890 2769 Sg.
1924 2712 2044 2755 habet
2075 2711 2142 2767 μή
2175 2718 2245 2754 τοί
2270 2727 2322 2766 γε
2346 2706 2412 2753 (ὃν
2434 2706 2662 2765 ἀλλήλων.

818 2790 1056 2852 Sequantur
1100 2788 1184 2841 loci,
1232 2788 1300 2834 ubi
1342 2791 1523 2836 duorum
1555 2791 1850 2846 membrorum,
1883 2806 1991 2848 quae
2023 2793 2137 2837 inter
2168 2808 2214 2837 se
2246 2792 2507 2848 respondere
2540 2790 2663 2836 debe-

694 2874 810 2930 bant,
852 2887 980 2931 quum
1024 2871 1207 2916 alterum
1240 2870 1375 2916 altero
1409 2872 1658 2917 destitutum
1682 2872 1829 2929 primo
1862 2874 2066 2929 adspectu
2099 2875 2309 2929 videatur,
2340 2875 2418 2918 hoc
2452 2877 2593 2917 tamen
2624 2872 2665 2916 si

693 2968 781 3000 non
815 2956 973 3009 forma
1013 2956 1059 2996 at
1091 2965 1140 2995 re
1173 2955 1214 2994 et
1245 2964 1373 2997 sensu
1407 2954 1454 2998 in
1485 2952 1755 3010 sequentibus
1789 2953 2002 2997 contineri
2034 2954 2283 3008 diliyentius
2314 2954 2553 3011 inquirenti
2585 2966 2664 3008 ap-

687 3040 858 3092 pareat.
909 3035 1042 3079 Veluti
1075 3033 1313 3094 particulam
1349 3041 1436 3089 ,ιιέν
1471 3048 1552 3077 non
1588 3047 1748 3094 semper
1783 3033 1968 3092 sequitur
2004 3032 2254 3093 respondens
2290 3032 2340 3076 δέ
2369 3040 2440 3078 aut
2461 3047 2512 3076 ex
2535 3032 2608 3075 Kr.
2634 3032 2660 3082 Ι,

696 3120 768 3166 69,
823 3119 895 3165 3-5,
949 3120 975 3158 3
1026 3123 1197 3174 cognata
1243 3129 1321 3157 vox
1364 3122 1407 3157 ut
1451 3110 1560 3172 ἀτάρ
1603 3115 1678 3169 (V,
1724 3116 1796 3163 92,
1839 3116 1908 3166 2),
1943 3120 2095 3168 μέντοι
2132 3114 2363 3176 (111,Ᾰ135,
2400 3115 2511 3169 fia),
2547 3109 2666 3155 ἄλλα
