2941 3765
1110 316 1159 349 De
1182 315 1389 349 anacoluthis
1410 315 1625 349 Herodoteis.
2289 296 2315 336 5

359 421 667 490 ἐντεταμένως,
701 424 769 470 ubi
801 440 851 470 ex
883 425 1210 472 antecedentibus
1241 424 1539 485 intelligendum
1571 430 1634 469 est
1667 424 1730 482 τῷ
1763 422 1970 481 πολέμῳ,
2004 427 2045 467 et
2065 420 2129 471 ΠΙ,
2156 422 2228 472 61,
2254 444 2317 453 --

360 506 563 563 κήρυκας»
600 508 650 563 τῇ·
697 522 739 549 τε·
788 504 902 564 ἄλλῃ
944 505 1162 563 διέπεμπε
1195 512 1271 551 καὶ
1304 506 1359 564 δὴ
1392 511 1467 550 καὶ
1500 504 1543 554 ἐς
1572 505 1799 561 Αἴγυπτον
1832 508 2101 561 προερέοντα
2137 527 2210 553 —-,
2248 501 2317 546 ubi

360 587 532 642 κήρυκα
577 585 762 641 ἔπεμπε.
816 587 929 641 Quae
961 587 1011 630 de
1042 588 1269 640 anacolutlii
1300 597 1340 632 et
1372 587 1519 648 ellipsis
1551 584 1775 630 differentia
1811 598 1935 643 supra
1967 583 2170 642 disputata
2204 590 2314 634 sunt,

360 680 406 709 ea
440 666 490 710 de
521 667 769 711 anacoluthis
802 675 841 712 et
873 669 1196 730 breviloquentiis
1228 669 1303 714 dici
1335 676 1521 730 possunt.
1550 695 1606 700 —
1629 666 1766 727 Ellipsi
1789 673 1829 709 et
1851 664 2189 723 breviloquentiae
2211 680 2317 709 con-

361 748 512 791 trarius
553 755 614 791 est
648 749 930 794 Pmomsnus
966 752 1318 807 (Πλεονασμός),
1351 765 1434 809 quo
1466 748 1663 794 vocabula
1697 747 1750 790 ita
1784 753 1978 805 usurpata
2014 754 2122 796 sunt,
2158 754 2204 790 ut
2238 762 2316 790 su—

360 843 607 886 pervacanea
648 845 737 872 esse
769 830 884 881 nobis
917 831 1076 889 quidem
1111 831 1332 882 videantur,
1368 846 1495 890 quum
1530 845 1671 873 eorum
1705 828 1889 871 notiones
1921 827 2006 869 aliis
2039 827 2206 870 vocibus
2239 842 2317 869 ex-

361 923 526 967 pressae
559 908 651 953 sint.
716 911 902 955 Attamen
936 911 985 955 de
1016 912 1092 956 hac
1123 912 1341 957 verborum
1373 911 1666 956 consuetudine
1698 908 1807 968 apud
1840 907 2087 952 Herodotum
2121 908 2317 966 frequen-

361 988 514 1032 tissima
546 1004 628 1048 quo
660 991 778 1035 modo
811 991 861 1036 sit
889 991 1160 1050 judicandum,
1195 1007 1219 1036 a
1251 992 1479 1043 Kuehner0‚
1515 991 1588 1035 Gr.
1622 990 1694 1034 Gr.
1729 993 1754 1043 S
1790 991 1893 1038 858,
1938 990 1970 1038 l,
1997 987 2082 1047 ipse
2104 987 2237 1032 discas
2257 990 2332 1044 ³).‚

361 1069 479 1123 Quod
529 1070 562 1113 si
610 1071 789 1131 exempla
837 1073 1009 1131 quaeris,
1061 1073 1186 1118 habes
1236 1074 1263 1124 l,
1319 1075 1358 1124 2,
1412 1101 1470 1106 —
1521 1070 1653 1131 ἄρξαι
1696 1073 1875 1129 πρῶτον
1919 1096 1979 1101 —
2015 1069 2079 1119 vl,
2126 1072 2221 1120 119,
2259 1097 2317 1103 -

362 1146 592 1208 ἀρξάντων
644 1146 815 1209 ἀδικίης
860 1160 1089 1213 προτέρων
1136 1157 1224 1197 ww
1267 1150 1528 1212 Ἐρετριέων
1570 1179 1630 1185 ——
1674 1152 1772 1203 Vlll,
1824 1151 1861 1201 4,
1900 1177 1957 1183 ——
1993 1146 2161 1193 αὗτοῖσι
2195 1152 2320 1210 παρά

363 1231 501 1283 δόξαν
546 1234 596 1275 τά
628 1234 869 1290 πρήγματα
901 1237 987 1276 τῶν
1018 1226 1270 1294 βαρβάρων
1302 1231 1515 1291 ἀπέβαινε
1553 1231 1580 1291 ἢ
1612 1231 1674 1281 αἷς
1705 1229 1828 1275 αὖτοῖ
1860 1231 2141 1285 κατεδόκεον,
2176 1258 2235 1262 —
2269 1231 2316 1282 ll,

368 1315 466 1364 2155,
518 1339 574 1344 —
626 1309 905 1357 ἀναπλώοντι
955 1310 1044 1358 α’πό
1079 1313 1312 1373 θαλάσσης
1359 1313 1468 1359 ἄνω.
1534 1315 1598 1366 ΙΙΙ,
1643 1316 1694 1357 [16
1731 1341 1790 1345 --
1823 1311 2026 1371 ἐκφέρειν
2059 1310 2161 1363 ἔξω.
2227 1312 2320 1366 Quo

361 1394 522 1437 accedat
556 1409 700 1452 magna
734 1394 796 1437 illa
829 1395 1007 1439 locorum
1039 1396 1161 1454 copia,
1198 1396 1267 1439 ubi
1299 1404 1361 1439 est
1393 1395 1657 1455 epanalepsis.
1724 1396 1760 1437 A
1793 1394 2024 1453 pleonasmo
2047 1393 2318 1437 anacoluthon

363 1472 543 1517 facillime
575 1474 880 1533 distinguemus,
916 1476 948 1518 si
981 1476 1379 1527 consideraverimus,
1415 1492 1547 1534 neque
1579 1476 1620 1518 in
1653 1475 1885 1533 pleonasmo
1920 1474 2039 1518 ullam
2062 1490 2153 1517 esse
2176 1485 2319 1518 struc-

362 1560 546 1599 turarum
596 1555 939 1614 permutationem,
993 1572 1122 1616 neque
1161 1556 1202 1601 in
1242 1556 1480 1602 anacolutho
1513 1556 1601 1615 ipso
1635 1571 1706 1615 per
1740 1571 1784 1600 se
1815 1555 2037 1614 quidquam
2071 1571 2172 1605 esse,
2208 1555 2318 1614 quod

362 1649 456 1679 vere
488 1634 696 1680 abundare
728 1634 803 1679 dici
835 1636 975 1696 possit.
1026 1636 1127 1681 Fieri
1160 1643 1293 1681 autem
1327 1643 1470 1698 potest,
1509 1642 1555 1681 ut
1589 1627 1825 1681 non'modo
1854 1635 2080 1680 anacoluthi
2105 1635 2174 1679 sed
2199 1634 2319 1679 etiam

363 1716 580 1773 pleonasmi
629 1716 732 1759 sicut
774 1717 875 1760 alius
916 1718 1093 1775 cujusvis
1135 1718 1289 1775 figurae
1321 1718 1522 1776 particeps
1558 1718 1610 1760 sit
1642 1718 1786 1775 aliquis
1820 1718 1945 1759 locus.
1982 1743 2039 1748 —-
2075 1716 2163 1758 Jam
2197 1732 2320 1774 porro

362 1796 412 1839 ad
461 1797 722 1840 ORATIONEM
775 1797 1020 1848 menm,
1056 1813 1176 1856 quam
1210 1797 1359 1848 dicunt,
1395 1798 1617 1841 veniamus.
1683 1798 1798 1850 Quae
1832 1800 1963 1856 ligura
1998 1797 2053 1839 sie
2089 1806 2319 1856 comparata

363 1882 435 1927 est,
472 1883 518 1920 ut
549 1875 740 1920 orationis
775 1877 1059 1929 membrorum,
1095 1892 1198 1937 quae
1230 1877 1346 1937 quasi
1379 1877 1419 1921 in
1453 1893 1583 1937 aequo
1615 1877 1745 1937 gradu
1780 1878 1910 1937 posita
1944 1884 2052 1928 sunt,
2078 1876 2184 1921 aliud
2206 1877 2321 1922 aliter

363 1962 634 2007 construatur,
668 1952 723 2000 ita
756 1964 889 2001 tamen
923 1965 968 2002 ut
1001 1957 1107 2002 nulla
1141 1964 1345 2002 structura
1378 1957 1607 2019 imperfecta
1641 1958 1905 2018 relinquatur.
1963 1956 2024 2002 Ad
2058 1956 2166 2016 quod
2189 1971 2320 2017 genus

364 2037 561 2081 referendi
604 2047 700 2081 sunt
741 2038 824 2088 loci,
871 2038 938 2083 ubi
969 2045 1058 2098 post
1092 2039 1315 2083 absolutam
1349 2039 1648 2099 perfectamque
1681 2040 1934 2091 sententiam,
1971 2052 2076 2097 quae
2110 2053 2181 2097 per
2213 2039 2320 2082 obli-

364 2134 486 2178 quam
532 2119 751 2163 orationem
785 2119 962 2170 effertur,
1006 2119 1127 2164 altera
1162 2120 1357 2164 sententia
1391 2122 1574 2180 sequitur
1607 2130 1717 2165 recta
1750 2121 1931 2165 oratione
1965 2135 2172 2179 expressa.
2239 2122 2319 2164 At-

364 2216 443 2259 que
491 2201 595 2244 inter
644 2201 731 2259 ejus
775 2201 1000 2244 orationum
1048 2201 1329 2245 vicissitudinis
1373 2202 1567 2262 exempla,
1611 2216 1716 2262 quae
1759 2217 1809 2244 ex
1843 2201 1955 2243 libris
1989 2200 2176 2244 Herodoti
2212 2201 2320 2245 haud

364 2297 492 2342 pauca
525 2281 659 2324 afferri
693 2289 875 2341 possunt„
910 2282 1005 2325 haerv
1040 2282 1259 2326 sufficiant:
1295 2283 1341 2333 Y,
1379 2282 1451 2333 87,
1488 2309 1548 2313 -
1569 2279 1768 2341 Ἀργεῖοι
1793 2286 1881 2338 μὲν
1897 2285 2079 2339 λέγουσι
2100 2308 2160 2313 --
2182 2309 2240 2312 ——
2260 2308 2321 2313 —-

364 2367 440 2406 τόν
487 2363 566 2405 ἕνα
614 2365 764 2404 τοῦτον
813 2345 1143 2421 περιγενέσθαι,
1188 2359 1427 2419 Ἀθηναῖοι
1479 2363 1524 2405 δὲ
1568 2390 1627 2395 —
1673 2379 1764 2394 —·
1807 2364 2131 2420 περιγενέσθαι,
2163 2370 2318 2417 μέντοι

366 2440 466 2487 οὐδὲ
524 2446 678 2486 τοῦτον
726 2445 800 2485 τόν
849 2442 949 2494 ἕνα,
1000 2439 1104 2485 ἀλλ’
1152 2439 1407 2485 ἀπολέσθαι
1468 2446 1621 2501 τρόπῳ
1682 2442 1838 2500 τοιῷδε
1862 2458 1872 2468 ·
1931 2442 2174 2497 κομισθεὶς
2228 2446 2318 2499 γιὲρ

366 2521 408 2572 ἐς
454 2525 528 2571 τὰς
560 2518 762 2578 Ἀθήνας
800 2517 1043 2578 ἀπήγγειλε
1085 2525 1132 2566 τό
1167 2523 1330 2576 πάθος,
1382 2522 1421 2565 in
1454 2522 1501 2565 iis
1536 2532 1683 2574 autem,
1720 2538 1824 2581 quae
1856 2522 2041 2581 proxime
2074 2531 2316 2581 sequuntur,

366 2602 492 2647 oratio
523 2601 686 2662 obliqua
719 2601 900 2646 recurrit.
965 2601 1177 2646 Consimile
1209 2611 1270 2647 est
1303 2603 1330 2653 l,
1369 2603 1440 2654 24,
1478 2604 1547 2649 ubi
1580 2605 1621 2648 in
1655 2604 1826 2648 mediam
1859 2603 2082 2648 orationem
2116 2605 2319 2663 obliquam

365 2685 569 2744 interjecta
614 2690 711 2728 sunt
755 2678 903 2730 ἀείσας
935 2681 980 2726 δὲ
1014 2680 1244 2727 Ιὑπεδέκετο
1278 2682 1443 2727 ἑωυτόν
1475 2685 1851 2743 κατεργάσεσθαι.
1915 2684 2176 2729 Contrarium
2209 2700 2320 2744 quo-

365 2780 444 2825 que
491 2764 645 2815 accidit,
695 2771 738 2808 ut
788 2772 937 2808 rectam
985 2763 1203 2807 orationem
1252 2764 1526 2824 subsequatur
1575 2764 1749 2826 obliqua,
1795 2766 1822 2816 l,
1862 2768 1931 2817 59,
1970 2767 2132 2809 Χίλων
2165 2793 2226 2798 —
2260 2793 2321 2798 —

366 2849 658 2903 συνεβούλευε
703 2844 991 2903 Ἱπποκράτει·
1034 2872 1094 2876 -
1143 2872 1202 2877 ——
1250 2872 1310 2877 —-
1353 2842 1433 2888 οὐκ
1466 2842 1532 2888 (ὗν
1564 2849 1695 2889 ταῦτα
1729 2855 2078 2905 παραινέσαντος
2110 2850 2323 2896 Χίλωνος

365 2927 615 2969 πείθεσθαι
662 2924 839 2968 ἐθέλειν
870 2927 946 2967 τόν
973 2924 1283 2985 Ἱπποκράτεα,
1317 2952 1378 2956 -—
1413 2952 1472 2956 -
1507 2952 1567 2958 —
1601 2928 1629 2978 Ι,
1667 2930 1739 2978 86,
1775 2927 1860 2972 init.
1927 2928 2033 2973 Sunt
2067 2937 2214 2979 tamen,
2250 2929 2321 2988 qui

470 3045 503 3091 3)
531 3045 767 3082 Pleonasmus
800 3047 884 3091 (est)
920 3043 1071 3081 αᾱίεοιὶο
1103 3043 1279 3086 vocabuli,
1305 3044 1402 3088 quod
1427 3044 1494 3080 etsi
1521 3044 1704 3089 additum,
1732 3048 1853 3081 tamen
1880 3056 1955 3081 non
1982 3046 2172 3091 coyitatur.
2228 3044 2320 3080 Her-

364 3120 515 3144 mannus
541 3108 579 3143 in
607 3108 789 3154 Vigerum,
818 3118 897 3154 pag.
926 3105 1014 3142 867.
