2941 3765
673 326 731 372 52
1505 342 1538 375 S.
1565 342 1604 375 E.
1628 342 1814 376 Melander.

668 466 795 504 τινοι,
829 450 880 492 τὰ
915 448 960 491 δὲ
995 446 1115 492 ἄλλα
1149 451 1293 492 πάντα
1325 452 1439 493 κατά
1472 445 1611 494 τώυτό
1645 449 1859 493 ἔσταλται.
1914 449 1999 493 Hoc
2032 449 2118 493 loco
2150 447 2212 492 St.
2247 447 2298 492 δέ
2329 447 2370 491 ἰιι
2402 453 2456 503 γε’
2483 454 2635 491 temere

670 531 851 581 mutavit,
887 531 1086 589 quamvis,
1122 530 1186 573 hic
1219 544 1383 589 quoque
1416 531 1664 575 contrarium
1697 545 1721 574 a
1754 530 1949 589 scriptore
1982 529 2128 580 efferri,
2162 528 2273 573 facile
2305 536 2511 572 cernatur.
2566 527 2630 578 111,

676 614 774 661 ⁴08,
811 609 947 652 ἕπετὶν
981 609 1008 654 o‘
1041 611 1241 666 σκύμνος
1272 608 1318 651 ἐν
1351 613 1405 668 τῇ
1437 616 1572 670 μητρὶ
1608 610 1695 653 ε’(ῠν
1727 608 1913 668 ἄρχηται
1948 609 2301 666 διακινεόμενος,
2338 607 2363 653 ὁ
2397 608 2443 653 δὲ
2478 633 2537 640 -
2571 632 2633 639 --

670 690 861 746 ἆμύσσει
903 694 979 738 τας
1009 694 1197 746 μήτρας.
1232 691 1261 739 Ι,
1307 693 1406 740 442,
1436 687 1553 733 ’Emi
1586 697 1731 733 τοίνυν
1763 686 1818 731 οὔ
1849 690 2055 745 δύναμαί
2084 705 2133 731 σε·
2167 692 2348 735 πείθειν
2379 692 2447 745 μή
2481 688 2634 731 ἐκθεῖ-

669 788 759 826 ναι,
793 772 847 815 σύ
881 770 927 814 δὲ
970 764 1060 814 (ὁδε
1094 775 1299 826 ποίησον.
1367 771 1415 823 V,
1456 771 1525 822 40,
1556 767 1671 814 Ἐπεὶ
1709 798 1780 823 -,
1815 772 1868 812 σύ
1904 770 1965 813 δέ.
2032 770 2115 820 Vll,
2155 773 2226 821 54,
2264 767 2363 813 ἐπεί
2391 786 2434 812 τε·
2467 796 2543 823 —,
2580 773 2633 812 σῠ

670 854 732 897 δέ.
799 853 863 905 111,
902 854 974 903 68,
1011 850 1069 894 Εἰ
1098 852 1166 908 μὴ
1200 846 1309 909 alin)
1345 850 1551 909 Σμέρδιν
1584 853 1659 895 τόν
1692 852 1844 909 Κύρου
1877 849 2127 907 γινώσκεις,
2163 852 2216 895 σύ
2251 850 2297 894 δὲ
2332 853 2456 909 παρὰ
2483 846 2633 895 ’Διόσ-

670 948 749 991 σης
799 934 962 975 πυθεῦ.
1029 932 1094 983 lll,
1141 930 1214 984 37,
1259 929 1308 980 ὃς
1340 931 1386 974 δὲ
1421 934 1594 980 τούτους
1624 932 1690 989 μὴ
1724 929 1897 984 ὄπωπε,
1932 929 2022 987 ε’γοὶ
2058 930 2109 974 δέ
2139 931 2182 976 οἳ
2215 937 2444 988 σημανέω.
2510 931 2634 976 Recte

669 1013 951 1057 animadvertit
984 1012 1217 1064 Wendtius,
1252 1026 1344 1072 pag.
1381 1012 1420 1063 7,
1457 1013 1561 1055 hane
1593 1011 1715 1054 latere
1749 1012 2001 1064 sententiam,
2037 1011 2197 1057 multos·
2219 1025 2321 1063 esse,
2346 1011 2414 1072 qui
2439 1010 2634 1073 imagines

669 1096 754 1137 illas
789 1109 870 1137 non
904 1093 1089 1143 viderint,
1125 1094 1373 1136 Herodotum
1408 1100 1546 1135 contra
1579 1106 1647 1134 eas
1681 1107 1802 1135 nosse
1834 1094 1970 1151 itaque
2002 1093 2100 1135 alios
2133 1093 2299 1135 edocere
2333 1106 2465 1152 posse.
2500 1093 2634 1151 Atque

669 1174 809 1218 eadem
849 1181 914 1218 est
961 1173 1061 1217 ratio
1095 1172 1167 1216 loci
1203 1173 1269 1222 lv,
1306 1175 1377 1222 99,
1415 1169 1464 1219 ὃς
1495 1172 1540 1214 δὲ
1574 1175 1647 1228 τῆς
1673 1169 1860 1229 Ἀττικῆς
1892 1175 2024 1214 ταῦτα
2057 1175 2125 1230 μή
2158 1174 2508 1231 παραπέπλωκε,
2543 1171 2634 1230 ἐγώ

671 1254 716 1298 δὲ
754 1252 907 1302 ἄλλως
940 1252 1149 1309 δηλώσω.

799 1335 867 1392 β).
901 1332 1170 1394 participium,
1207 1333 1235 1384 l,
1278 1333 1376 1382 443,
1413 1360 1470 1365 —
1506 1327 1724 1380 ἇσθενέος
1756 1330 1802 1374 ὸῖ-
1837 1330 1986 1382 ἐόντος
2019 1336 2092 1376 τοῦ
2125 1336 2289 1382 παντὸς
2309 1333 2400 1377 τότε
2421 1331 2634 1390 Ἕλληνι-

670 1417 754 1459 κοῦ
787 1421 956 1472 γένεος,
990 1414 1154 1473 πολλῷ
1189 1413 1235 1457 δὲ
1271 1408 1326 1471 ἦν
1359 1408 1680 1456 ἀσθενέστατον
1715 1414 1801 1455 τιῦν
1834 1410 2010 1456 ε’θνέων
2042 1416 2089 1457 τὸ
2111 1410 2308 1458 Ἰωνικόν
2330 1441 2390 1447 —
2413 1441 2489 1467 —-‚
2513 1430 2637 1473 quem

670 1495 801 1540 locum
852 1495 925 1539 Kr.
975 1493 1057 1540 huc
1107 1500 1215 1538 recte
1258 1493 1441 1539 retulisse
1481 1491 1652 1539 videtur.
1716 1491 1775 1537 De
1816 1493 1941 1539 altero
1982 1494 2104 1554 hujus
2136 1494 2209 1539 loci
2241 1494 2480 1540 anacolutho
2513 1495 2635 1540 adeas

669 1592 761 1638 pag.
814 1579 887 1621 34.
954 1577 1000 1628 ll,
1061 1579 1159 1628 480,
1206 1571 1541 1632 Ἀμφικτυόνων
1588 1574 1633 1617 δὲ
1683 1575 2025 1629 μισθωσάντων
2074 1578 2150 1619 τόν
2198 1575 2245 1619 ἐν
2293 1576 2511 1631 Δελφοῖσι
2556 1578 2634 1619 νῦν

671 1657 800 1700 ἐόντα
833 1659 945 1714 νηόν
977 1683 1040 1689 -
1075 1682 1134 1688 ——
1168 1655 1443 1714 ἐξεργάσθαι
1480 1653 1526 1710 (o‘
1559 1657 1647 1712 γαρ
1682 1653 1902 1712 πρότερον
1925 1654 2012 1698 ε’ων
2034 1652 2196 1699 αὗτόθι
2219 1652 2484 1712 αὐτομάτως
2504 1671 2656 1699 κατε-Χ

671 1739 773 1793 κάη,
815 1739 915 1785 τοῦς
947 1738 1157 1792 Λελᾳοῠς
1189 1736 1235 1779 δὲ
1271 1734 1492 1790 ἐπέβαλλε
1526 1737 1871 1793 τεταρτημόριον
1902 1729 1980 1778 τοῦ
2011 1737 2320 1792 μισθώματος
2352 1740 2630 1795 παρασχεῖν),

670 1818 965 1873 πλανώμενοι
1000 1819 1046 1862 δὲ
1082 1818 1124 1861 οἳ
1158 1816 1333 1870 Δελφοὶ
1365 1819 1464 1872 περὶ
1497 1816 1570 1861 τοῖς
1601 1815 1734 1862 πόλις
1755 1813 2029 1865 ἐδωτίναζον.
2085 1815 2197 1860 Hanc
2220 1818 2437 1862 verborum
2460 1816 2632 1861 distinc-

670 1898 832 1948 tionem,
884 1912 1008 1957 quam
1056 1897 1260 1941 Dietsehio
1308 1895 1444 1944 ‹lebe0,
1489 1894 1827 1954 expeditissimam
1859 1911 1950 1939 esse
1983 1897 2133 1956 putavi.
2199 1897 2349 1950 Schw.,
2385 1912 2632 1957 quamquam

669 1979 1045 2024 commodissimum
1078 1977 1261 2022 futurum
1296 1975 1420 2020 fuisse
1453 1975 1644 2028 concedit,
1682 1975 1714 2020 si
1747 1975 1882 2020 omnia
1914 1976 1988 2021 ista
2025 1974 2052 2021 ὁ
2085 1979 2175 2036 γαρ
2209 2004 2270 2010 --
2303 2004 2364 2011 -
2388 1981 2635 2036 παρασχεῖν

671 2060 799 2121 signis
848 2060 1139 2121 parentheseos
1187 2057 1433 2102 circumdata
1480 2066 1627 2109 essent,
1678 2067 1717 2101 et
1764 2057 1853 2102 Joh.
1904 2068 1996 2118 post.
2029 2057 2171 2116 ε’ξεργ.
2205 2068 2244 2104 et
2278 2063 2467 2116 κατεκάη
2502 2060 2629 2110 colon,

672 2148 764 2202 post
812 2155 1005 2200 παρασχ.
1056 2149 1253 2200 punctum
1303 2144 1496 2198 ponentes
1536 2137 1855 2183 enunciationem
1896 2140 2126 2198 primariam
2159 2155 2183 2184 a
2217 2143 2317 2189 τούς
2347 2142 2553 2194 Λελφοῠς
2584 2140 2634 2183 δέ

671 2221 847 2281 incipere
890 2228 1098 2275 statuunt3
1140 2219 1211 2264 sed
1244 2220 1341 2263 haec
1375 2233 1536 2278 quoque
1568 2218 1619 2262 ad
1650 2218 1930 2278 explicandum
1963 2221 2169 2281 interjecta
2203 2228 2311 2265 sunt.
2378 2220 2449 2264 Kr.
2483 2228 2522 2264 et
2556 2221 2631 2265 Lh.

672 2310 764 2363 post
797 2301 941 2360 ε’ξεργ.
975 2301 1090 2346 colon
1124 2300 1286 2351 hahent,
1322 2315 1477 2345 comma
1509 2307 1600 2357 post
1632 2315 1790 2353 κατεκ.,
1826 2309 2021 2360 punctum
2054 2309 2146 2361 post
2179 2316 2372 2359 παρασχ.
2405 2309 2444 2345 et
2479 2302 2630 2353 volunt,

669 2384 710 2428 h.
760 2383 785 2427 l.
836 2396 927 2426 esse
975 2381 1245 2426 anacoluthon
1296 2394 1436 2425 eorum
1468 2380 1681 2431 consimile,
1717 2395 1821 2440 quae
1854 2395 1970 2442 pagg.
2009 2382 2078 2433 43,
2115 2396 2206 2443 sqq.
2240 2382 2441 2442 persecuti
2475 2398 2631 2427 sumus.

668 2465 748 2510 Ab.
798 2471 936 2508 autem
985 2462 1257 2506 anacoluthon
1303 2461 1466 2506 sustulit.
1505 2461 1598 2506 illud
1642 2461 1669 2504 ὁ
1711 2464 1799 2522 γὰρ
1833 2489 1895 2496 -
1927 2479 2071 2507 κατεκ.
2106 2478 2180 2524 pro
2214 2463 2444 2524 parenthesi
2477 2463 2633 2509 habens

669 2552 709 2591 et
743 2545 795 2588 δέ
826 2551 919 2603 post
950 2544 1096 2598 Λελᾳ.
1133 2543 1249 2586 uncis
1283 2543 1632 2585 circumscribens.
1687 2542 1748 2585 St.
1783 2545 1822 2587 in
1856 2546 1999 2588 ceteris
2031 2559 2125 2589 cum
2158 2546 2361 2589 Dietschio
2394 2546 2633 2605 conspirans

669 2641 745 2686 pro
787 2624 838 2667 δέ
877 2624 972 2685 legit
1006 2624 1063 2682 δή
1097 2632 1189 2684 post
1222 2624 1528 2677 πλανώμενοι.
1573 2623 1619 2673 V,
1659 2626 1729 2675 50,
1763 2628 1909 2682 χρεων
1940 2624 2029 2683 γάρ
2062 2641 2146 2681 μιν
2178 2629 2244 2682 μή
2277 2629 2428 2682 λέγειν
2460 2630 2509 2669 τό
2542 2625 2632 2680 ε’ὀν,

671 2735 730 2741 -
766 2733 843 2759 --,
877 2707 1000 2762 λέγει
1034 2700 1085 2748 δ’
1119 2700 1197 2748 (ὗν.

794 2788 842 2832 ll.
893 2786 963 2833 ubi
1019 2786 1060 2831 in
1115 2785 1348 2845 compositis
1405 2785 1831 2844 comprehensionibus
1889 2787 2081 2845 particula
2139 2788 2189 2831 δέ
2234 2789 2446 2848 primarias
2494 2803 2633 2832 enun-

669 2868 863 2913 ciationes
912 2874 1103 2928 occupat,
1157 2865 1267 2918 Vll(
1308 2869 1415 2918 160,
1474 2864 1517 2909 εἰ
1563 2868 1639 2910 τοῦ
1687 2869 1774 2922 μεν
1821 2868 1954 2917 πεζοῦ
2002 2864 2129 2924 ὖμεῖς
2176 2860 2410 2927 ἡγέοισθε,
2459 2871 2538 2913 τοῦ
2587 2867 2632 2913 δὲ

670 2953 879 2994 ναυτικοῦ
928 2949 1033 3005 ἐγώ,
1087 2948 1130 2992 εἰ
1173 2948 1220 2991 δὲ
1271 2947 1379 3002 ὑμῖν
1429 2945 1569 3004 ἡδονή
1619 2950 1697 2990 τοῦ
1743 2949 1855 2989 κατα
1908 2946 2147 2990 θάλασσαν
2197 2947 2505 3007 ἡγεμονεύειν,
2554 2952 2635 2992 τοῦ

670 3032 806 3081 πεζοῦ
838 3028 928 3087 ἐγώ
962 3029 1127 3074 ἐθέλω.
1179 3029 1264 3080 Kr„
1300 3042 1548 3089 quamquam
1582 3027 1632 3071 ad
1665 3027 1760 3072 illud
1795 3025 1838 3071 εἰ
1865 3030 1940 3071 τοῦ
1972 3045 2023 3084 μ.
2059 3055 2116 3061 -
2140 3057 2200 3062 -
2224 3028 2314 3087 ἐγώ
2335 3046 2428 3076 cum
2452 3029 2634 3091 proxime
2668 3030 2673 3036 ’

670 3112 1003 3158 antecedentibus
1053 3110 1383 3172 conjungendum
1433 3125 1661 3172 propensus
1710 3110 1880 3160 videtur,
1934 3117 2066 3154 tamen
2111 3119 2237 3171 putat,
2272 3112 2382 3157 hunc
2414 3113 2546 3157 locum
2580 3112 2635 3155 ita
