2941 3765
627 336 685 380 34
1461 358 1493 393 s.
1520 358 1558 393 E.
1581 359 1767 394 meander.

623 463 743 508 Hunc
775 463 907 509 locum
941 464 982 508 in
1014 464 1265 511 usitatiorem
1298 465 1481 511 ordinem
1513 466 1575 511 St.
1609 467 1666 510 sic
1699 467 1873 525 redegit:
1913 494 1970 500 —
2004 464 2336 526 ὑποδεεστέρης,
2369 468 2482 509 κατὰ
2514 482 2589 526 πρ.

624 543 676 587 δέ
706 560 799 592 κως
831 543 964 587 ἕσσον
996 553 1291 602 τετιμημένης
1322 544 1352 603 ἢ
1385 545 1413 603 ἤ
1446 542 1552 605 Εὕρ.

746 624 942 669 Ultimum
986 625 1091 669 inter
1132 626 1256 685 hujus
1296 628 1456 686 generis
1496 627 1679 685 exempla
1723 627 1854 671 locum
1896 625 2076 670 obtineat
2107 626 2161 677 ll,
2197 627 2296 678 427,
2332 631 2407 670 καὶ
2438 629 2592 670 τοῦτον

623 703 671 748 δὲ
704 707 771 763 τῷ
803 699 926 765 αὐτῷ
958 709 1110 766 τρόπῳ
1146 706 1425 766 διαχρᾶσθαι
1455 711 1519 766 τῷ
1551 706 1686 766 ἑτέρῳ
1719 709 1773 750 τά
1804 723 1848 750 τε
1881 704 2001 750 ἄλλα
2031 710 2107 750 καὶ
2129 707 2365 767 πυραμίδα
2387 710 2590 764 ποιῆσαι,

628 784 699 829 ubi
735 785 957 832 infinitivus
990 786 1031 831 in
1053 786 1187 832 locum
1209 787 1321 833 verbi
1344 787 1456 839 finiti,
1481 787 1590 847 quod
1615 787 1798 847 scriptor,
1825 786 1858 831 si
1880 795 1989 831 recta
2011 787 2138 832 oratio
2159 787 2313 840 fuisset,
2338 795 2590 847 usurpasset,

621 873 789 926 propter
821 867 1043 911 orationem
1077 867 1281 928 obliquam
1317 867 1532 922 successit;
1568 881 1661 911 nam
1694 866 1735 911 in
1768 866 1950 912 oratione
1985 874 2094 912 recta
2132 867 2362 913 Herodotus
2393 867 2586 928 scripsis-

624 954 685 992 set
721 945 915 1005 ἐποίησε.

744 1028 791 1071 11.
842 1027 979 1081 Quum
1013 1028 1094 1074 duo
1127 1029 1318 1073 orationis
1350 1029 1531 1073 membra
1562 1029 1667 1073 inter
1701 1044 1744 1073 se
1777 1028 2060 1089 respondentia
2092 1029 2144 1073 ad
2177 1028 2283 1074 aliud
2317 1029 2416 1089 quid
2438 1028 2587 1073 defini-

620 1107 770 1152 endum
811 1108 1014 1168 pertinere
1056 1108 1261 1161 deberent,
1305 1110 1351 1153 fit
1384 1116 1429 1155 ut
1462 1115 1685 1169 utrumque
1718 1109 1946 1154 membrum
1980 1108 2165 1154 absoluta
2198 1110 2478 1155 enunciatione
2509 1125 2589 1154 ex—

619 1188 831 1248 primatur.

741 1268 871 1328 Cujus
918 1270 1080 1328 generis
1130 1283 1258 1313 unum
1308 1277 1464 1314 tantum
1516 1269 1646 1313 iocum
1694 1270 1801 1329 apud
1851 1269 2100 1314 Herodotum
2150 1269 2281 1315 inveni
2326 1271 2372 1322 11,
2421 1273 2492 1322 39,
2528 1297 2586 1303 —-

620 1351 798 1409 κεφαλῇ
831 1378 891 1384 ·—
926 1349 1070 1408 ἐκείνῃ
1103 1350 1255 1394 πολλοὶ
1288 1352 1652 1409 καταρησάμενοι
1686 1356 1888 1409 φέρουσι,
1921 1353 2035 1394 τοῖσι
2068 1353 2155 1405 μὲν
2188 1347 2244 1393 ἂν
2278 1347 2304 1408 ᾗ
2337 1347 2483 1410 ἇγορή
2513 1356 2588 1395 καὶ

603 1426 820 1490 Ἕλληνές
864 1444 945 1487 σφι
995 1429 1103 1474 ἔωσι
1153 1428 1385 1489 ἐπιδήμιοι
1434 1429 1647 1490 ἔμποροι,
1699 1430 1742 1476 οἳ
1787 1429 1841 1475 δὲ’
1884 1436 2092 1490 φέροντες
2139 1428 2181 1479 ἐς
2212 1432 2292 1488 τήν
2325 1426 2500 1491 ἀγορὴν
2532 1427 2588 1475 οῗ-

621 1510 680 1557 n'
702 1509 772 1556 (ὅν
813 1511 982 1567 ἔδοντο,
1015 1514 1130 1555 τοῖσι
1164 1511 1210 1555 δὲ
1235 1508 1290 1555 ἄν
1313 1515 1379 1570 μη
1402 1508 1838 1573 παρέωσιἝλληνες,
1863 1512 1905 1556 οἶ
1928 1507 1971 1555 δ’
1992 1510 2264 1568 ἐκβάλλουσι
2286 1509 2330 1561 ἐς
2349 1514 2427 1556 τόν
2449 1529 2591 1557 ποτα-

619 1597 724 1650 μόν.
789 1594 838 1638 D.
887 1593 982 1652 legit
1025 1594 1069 1637 οἱ
1108 1597 1196 1649 μὲν
1232 1601 1450 1652 φέροντες.
1517 1595 1590 1637 Kr.
1625 1608 1744 1638 voces
1779 1600 1965 1651 φέρουσι
1999 1601 2039 1636 et
2072 1591 2169 1635 οἵδε
2203 1593 2268 1647 (οἳ
2300 1592 2370 1649 δέ)
2403 1594 2583 1637 circum-

620 1673 803 1719 scribens
850 1673 982 1718 locum
1026 1672 1080 1717 ita
1126 1674 1379 1733 permutavit,
1416 1683 1461 1719 ut
1493 1674 1762 1719 anacoluthon
1794 1680 2022 1725 evanescat,
2058 1672 2128 1717 sed
2161 1687 2289 1732 quum
2323 1673 2458 1719 multis
2492 1674 2588 1718 locis

619 1763 707 1801 tum
748 1756 824 1799 hoc
866 1754 927 1799 vir
966 1754 1225 1799 doctissimus
1267 1762 1408 1799 contra
1441 1755 1598 1799 codices
1630 1762 1670 1798 et
1701 1755 1914 1798 violentius
1947 1754 2040 1813 egit.
2107 1754 2197 1797 Vox
2231 1762 2366 1799 autem
2400 1762 2587 1813 φέρουσι

619 1837 800 1882 latiorem
848 1835 1023 1881 continet
1073 1836 1289 1888 notionem,
1335 1851 1440 1895 quae
1481 1835 1827 1894 consequentibus
1861 1834 2086 1880 enunciatis
2119 1834 2348 1893 diligentius
2380 1836 2583 1887 definitur,

618 1930 700 1978 qua
734 1916 784 1960 de
816 1929 860 1960 re
893 1914 965 1960 cfr.
999 1914 1231 1961 Abichtium
1264 1915 1303 1961 in
1338 1916 1448 1962 hunc
1481 1915 1634 1971 locum3
1669 1922 1792 1976 atque
1824 1913 2054 1962 Herodotus
2090 1914 2489 1976 comprehensionem
2531 1915 2586 1962 ita

618 2012 793 2041 exorsus
842 2005 917 2048 est,
968 2003 1013 2040 ut
1061 1996 1153 2056 quis
1202 1996 1312 2041 facile
1352 2004 1559 2057 exspectet
1600 1998 1704 2041 hanc
1747 1996 1830 2041 fere
1873 2003 2121 2041 structuram
2164 1997 2205 2040 in
2239 1997 2586 2056 consequentibus

618 2085 841 2122 servatam:
875 2080 989 2120 τοῖσι
1021 2080 1110 2134 μὲν
1142 2104 1200 2109 —
1235 2104 1294 2109 —
1330 2104 1391 2109 —
1423 2104 1499 2132 —,
1534 2072 1654 2122 οὖτοι
1687 2079 1775 2134 μὲν
1808 2082 2019 2135 φέροντες
2040 2074 2083 2125 ἐς
2104 2072 2279 2137 ἀγορήν
2302 2072 2586 2132 ἀποδόμενοι

965 2163 1076 2202 τοῖσι
1127 2158 1174 2202 δὲ
1208 2185 1269 2190 ——
1301 2185 1363 2191 ——
1395 2185 1470 2212 —,
1505 2154 1625 2202 οὗτοι
1662 2159 1707 2201 δὲ
1742 2157 1785 2206 ἐς
1814 2160 1892 2200 τὸν
1926 2160 2136 2213 ποταμόν
2168 2156 2476 2214 ἐκβάλλοντες,
2513 2159 2584 2203 sed

899 2192 916 2212 J

614 2241 807 2301 quoniam
858 2239 1056 2300 ejusmodi
1103 2239 1404 2299 participiorum
1454 2240 1702 2285 coacervatio
1751 2240 1819 2284 vix
1863 2238 2027 2282 serenda
2061 2246 2160 2290 erat,
2195 2239 2301 2282 illam
2335 2247 2584 2284 structuram

614 2322 819 2383 praetulit.
884 2322 949 2366 Ad
998 2320 1171 2366 verbum
1214 2320 1297 2364 sere
1342 2335 1490 2366 sensus
1522 2321 1595 2364 loci
1628 2322 1735 2381 apud
1771 2319 2004 2364 Abichtium
2037 2320 2240 2366 redditur:
2264 2320 2425 2375 ferunt
2457 2325 2586 2377 caput

614 2406 666 2459 ei,
714 2403 866 2460 quibus
904 2402 1063 2457 forum
1111 2405 1175 2446 est
1223 2405 1264 2446 et
1304 2401 1456 2459 quibus
1495 2403 1646 2459 ‚qraeei
1686 2407 1789 2447 sunt
1828 2407 2102 2467 mercatores,
2133 2404 2180 2448 hi
2209 2403 2345 2458 igitur
2376 2405 2506 2458 caput
2536 2403 2584 2447 in

611 2485 759 2534 forum
795 2484 958 2537 ferunt
1006 2488 1048 2527 et
1094 2485 1296 2538 vendunt,
1336 2484 1489 2540 quibus
1529 2499 1629 2528 vero
1664 2484 1824 2527 Graeci
1856 2498 1943 2527 non
1976 2486 2146 2540 adsunt,
2178 2484 2223 2527 hi
2255 2486 2387 2544 eaput
2417 2484 2465 2527 in
2489 2483 2582 2538 fln-

612 2568 727 2608 vium
776 2567 1006 2609 coniciunt.
1069 2566 1129 2608 De
1179 2565 1391 2625 scriptura,
1444 2579 1549 2625 quae
1598 2572 1660 2609 est
1703 2566 1747 2609 οῑ
1782 2564 1828 2608 δὲ
1863 2571 1979 2624 φεμ,
2012 2565 2143 2625 deque
2176 2563 2415 2608 anacolutho
2448 2577 2500 2608 ex
2533 2577 2580 2609 ea

613 2655 702 2689 orto
737 2662 812 2690 suo
845 2647 930 2688 loco
962 2646 1210 2690 docebimus.

736 2727 884 2770 Generi
918 2727 1169 2769 antecedenti
1201 2727 1534 2785 cognatissimum
1570 2735 1631 2769 est
1664 2727 1716 2777 id,
1752 2726 1862 2786 quod
1896 2726 2028 2768 iocum
2061 2725 2193 2775 habet,
2228 2739 2354 2786 quum
2377 2727 2581 2783 scriptor,

613 2822 869 2863 quamquam
916 2822 1047 2852 unam
1095 2808 1347 2852 locutionem
1396 2809 1561 2852 duobus
1608 2809 1810 2851 membris
1851 2809 1968 2849 inter
1998 2821 2043 2849 se
2075 2808 2435 2866 respondentibus
2468 2822 2580 2850 eom-

610 2901 782 2933 munem
828 2888 953 2933 initio
1003 2887 1256 2934 redditurus
1290 2891 1396 2944 erat,
1430 2891 1571 2934 tamen
1606 2890 1931 2945 consequentem
1964 2887 2199 2932 orationem
2230 2889 2293 2932 ita
2324 2889 2581 2943 conformat,

599 2973 657 3014 ut
698 2970 746 3013 in
779 2969 918 3014 attero
950 2967 1136 3013 membro
1170 2967 1223 3012 ab
1256 2969 1334 3014 hoc
1366 2970 1474 3015 inito
1508 2971 1688 3016 consilio
1722 2969 1937 3016 destitisse
1969 2968 2178 3013 videatur.
2242 2968 2378 3029 Atque
2409 2968 2451 3013 in
2483 2968 2580 3030 plu-

610 3051 723 3094 rimis
755 3051 878 3112 hujus
910 3049 1072 3112 generis
1104 3049 1200 3093 locis
1232 3050 1290 3104 fit,
1326 3058 1370 3096 ut
1403 3052 1560 3105 locutio,
1597 3066 1702 3113 quae
1735 3050 1951 3111 utriusque
1983 3049 2152 3095 membri
2185 3064 2275 3096 esse
2306 3050 2490 3103 debebat,
2515 3049 2581 3094 al-

610 3140 697 3175 tero
730 3131 816 3175 loco
849 3138 919 3175 aut
953 3131 1092 3175 eadem
1126 3131 1254 3175 forma
1287 3139 1358 3176 aut
1388 3133 1500 3176 affini
1533 3140 1753 3192 repetatur.
1808 3133 1901 3185 Quo
1933 3131 2268 3176 anacoluthorum
2300 3146 2450 3192 genere
2481 3131 2578 3174 nihil
