2941 3765
1028 315 1077 348 De
1100 314 1308 348 anacoluthis
1331 314 1546 348 Herodoteis.
2205 296 2264 338 25

307 424 556 480 Θεσσαλίης
588 450 648 455 --
683 449 745 456 —
776 424 890 482 πρός
921 419 1089 473 αὐτούς.
1156 424 1239 475 vll,
1277 426 1317 476 8,
1355 426 1396 475 2,
1431 425 1492 457 '—
1520 418 1737 479 Ἀθήνας,
1772 420 1821 465 οῗ
1847 448 1922 466 -.
1957 421 2058 472 vlu,
2096 423 2168 473 31,
2206 448 2264 453 -

306 506 463 560 ταύτην
505 529 564 535 —
604 506 684 560 τήν
724 502 912 562 Δωρίδα
951 507 1038 561 γῆν
1078 532 1140 538 —
1189 532 1250 537 —
1298 532 1358 538 --
1408 502 1635 560 εζαήδιζον.
1701 502 1802 553 vlu,
1845 505 1943 553 420,
1980 500 2267 558 -Ἀβδηρα

307 610 365 616 -
400 610 462 616 —-
511 597 590 639 σφι
639 610 699 617 ·—-
721 586 781 640 ³).
848 583 1001 629 Accidit
1040 594 1174 631 autem
1215 585 1462 630 colltrar1um
1504 583 1605 634 VIII,
1658 581 1756 635 127,
1802 581 2080 632 ὖποπτεύσας
2110 580 2156 625 δὲ
2190 585 2265 625 καὶ

306 667 406 713 τούς
439 658 700 713 Ὀλυνθίους
741 658 1015 708 ἀπίστασθαι
1049 660 1139 710 ἀπὸ
1170 666 1394 723 βασιλέος,
1428 668 1503 709 καὶ
1534 665 1691 722 ταύτην
1724 661 1999 721 ἐπολιόρκεε.
2064 664 2109 708 111
2141 677 2263 723 quem

306 745 438 791 locum
472 744 558 797 Kr.,
593 743 685 789 Em
718 743 974 800 Pronomen,
1007 744 1145 805 inquit,
1180 746 1267 801 auf
1291 747 1374 791 den
1406 746 1690 790 Stadtnamen
1723 744 1835 787 nach
1869 744 2155 799 Erwalmuny
2187 746 2266 788 der

306 827 570 872 Einwolmer
600 841 654 870 zu
686 825 883 870 beziehen
915 827 972 870 ist
1003 826 1105 871 eben
1134 842 1180 872 so
1213 829 1347 873 selten
1380 829 1447 872 als
1480 829 1559 871 das
1604 826 1886 881 Umyekehrte
1906 826 2171 880 yewo'hnlich
2194 827 2264 871 ist.

308 908 553 967 Adjungitur
595 908 713 951 etiam
751 907 899 950 nomini
941 907 1067 958 urbis,
1102 908 1207 966 quod
1241 909 1405 967 pluralis
1438 909 1597 952 numeri
1629 915 1702 957 est,
1740 906 1955 965 singularis
1987 908 2181 967 participii
2215 910 2262 958 V,

315 991 414 1039 115,
460 989 548 1031 ταῖν
581 985 627 1030 δὲ·
661 984 708 1029 ἐν
740 988 912 1046 Κύπρῳ
946 988 1120 1030 πολίων
1152 983 1327 1045 ἆντίσχε
1353 990 1525 1048 χρόνον
1558 986 1628 1030 ε’πῐ
1660 988 1870 1030 πλεῖστον
1903 989 2263 1046 πολιορκευμένη

308 1071 471 1121 Σόλοι,
521 1069 599 1124 τὴν
647 1094 709 1099 -
743 1095 815 1119 -,
860 1068 930 1112 ubi
970 1068 1043 1112 Kr.
1077 1076 1116 1112 et
1147 1069 1222 1113 Ab.
1256 1069 1639 1119 animadverterunt,
1674 1084 1813 1113 vocem
1848 1068 1979 1116 πόλις
2008 1069 2264 1113 obversatam

309 1165 411 1200 esse,
450 1149 508 1194 vel
541 1148 790 1208 pronominis
824 1149 975 1193 relativi
1007 1150 1034 1199 Ι,
1078 1149 1175 1201 145,
1210 1177 1271 1182 -
1303 1148 1451 1206 Αἰγαὶ,
1486 1147 1532 1191 ἐν
1566 1152 1616 1207 τῇ
1647 1150 1829 1207 Κρᾶθις
1860 1151 2067 1204 ποταμός
2090 1145 2267 1198 ἆείναός

307 1229 410 1283 ἐστι,
443 1230 514 1288 qui
545 1230 658 1273 locus
691 1229 796 1273 sicut
830 1230 1012 1289 superior
1044 1231 1105 1273 ille
1137 1238 1198 1273 est
1230 1230 1489 1289 explicandus
1510 1232 1571 1285 ⁴).
1605 1230 1923 1288 Nonnumquam
1957 1229 2141 1288 sequitur
2172 1239 2265 1290 post

308 1309 545 1355 adverbium
584 1308 659 1353 loci
698 1323 777 1353 vox
817 1308 967 1352 incolas
1001 1310 1237 1369 resplciens:
1279 1310 1343 1360 111,
1382 1312 1451 1360 51,
1488 1313 1539 1367 τῇ
1574 1308 1600 1353 ὁ
1634 1308 1866 1361 ἐξελαθεὶς
1897 1305 1975 1351 ὕπ’
2006 1305 2142 1353 αὗτοῦ
2164 1314 2268 1358 παῖς

310 1389 480 1433 δίαιταν
521 1387 725 1437 ἐποιέετο,
768 1387 811 1436 ἐς
863 1391 1037 1437 τούτους
1066 1395 1259 1444 πέμπων
1294 1415 1350 1420 ——
1385 1387 1640 1446 ἀπηγόρευε·
1676 1415 1750 1431 -.
1787 1390 1886 1437 wll,
1932 1392 2029 1439 133,
2066 1389 2265 1431 ἐντειλά-

311 1487 449 1526 μενος
496 1472 694 1527 πανταχῇ
743 1472 812 1524 (=
855 1467 924 1511 ἐπὶ
964 1472 1105 1511 πάντα
1146 1472 1197 1512 τὰ
1234 1473 1494 1528 χρηστήρια,
1526 1470 1626 1524 Kr.)
1661 1485 1743 1523 μιν
1770 1472 2061 1526 χρησόμενον
2094 1468 2264 1522 ε’λθεῒν,

307 1554 397 1593 ταῖν
446 1547 522 1594 οἶά
552 1566 594 1593 τε
630 1545 683 1606 ἧν
716 1564 795 1604 σφι
830 1544 1237 1607 ἀποπειρήσασθαι.
1302 1549 1385 1594 Cfr.
1419 1551 1447 1602 I,
1485 1550 1591 1595 204.
1653 1550 1721 1600 IX,
1766 1553 1799 1599 1,
1837 1545 1946 1593 ὅκου
1981 1548 2027 1593 δὲ
2062 1548 2265 1593 ἑκάστοτε

309 1635 492 1689 γίνοιτο,
534 1631 713 1679 τούτους
752 1629 1094 1688 παρελάμβανε.
1159 1630 1218 1676 De
1249 1630 1397 1692 quibus
1430 1630 1525 1676 locis
1557 1630 1680 1675 adeas
1714 1629 1785 1673 Kr.
1820 1630 1866 1681 ll,
1905 1633 1975 1680 58,
2015 1632 2054 1681 3,
2093 1632 2134 1673 3.
2201 1628 2265 1673 Ad

308 1712 384 1756 llos
425 1711 545 1763 10005,
596 1711 667 1771 qui
714 1710 765 1755 ad
808 1710 969 1754 nomina
1004 1711 1164 1755 urbium
1196 1718 1234 1754 ct
1266 1719 1465 1755 terrarum
1499 1712 1713 1772 pertinent,
1748 1712 1910 1753 accedat
1946 1712 1991 1760 ll,
2031 1715 2070 1760 5,
2105 1716 2180 1752 καὶ
2214 1713 2267 1752 τὰ

309 1792 565 1850 κατύπερθε
598 1792 657 1834 ἔτι
691 1796 768 1848 τῆς
797 1795 963 1848 λίμνης
979 1790 1142 1848 ’ταύτης
1173 1819 1230 1824 -
1265 1819 1339 1846 -,
1364 1797 1437 1849 τῆς
1457 1801 1558 1850 πέρι
1583 1791 1742 1834 ἐκεῖνοι
1768 1788 1898 1834 οῦδὲν
1921 1819 1983 1824 -
2007 1791 2166 1847 ἔλεγον
2191 1819 2265 1834 -.

309 1872 409 1916 Illud
441 1875 515 1928 τῆς
546 1879 647 1930 πέρι
682 1873 876 1930 scriptum
909 1880 983 1922 est,
1018 1874 1133 1930 quasi
1166 1889 1239 1932 pro
1269 1876 1321 1915 τοὶ
1352 1890 1444 1915 κατ.
1492 1881 1586 1916 ante
1619 1872 1771 1917 dictum
1806 1881 1914 1916 esset
1948 1871 1976 1928 ἦ
2009 1888 2103 1916 κατ.
2121 1875 2265 1930 χώρη.

309 1951 371 1996 St.
421 1952 514 2011 legit
564 1950 594 2007 ἦ
641 1954 695 1994 τά
736 1967 828 1995 κατ.
872 1952 989 2011 cujus
1022 1952 1243 2011 scripturae
1275 1952 1521 1997 Dietschium
1554 1952 1649 1996 citat
1681 1960 1909 2006 auctorem3
1944 1951 2013 1996 sed
2050 1951 2098 1997 D.
2132 1952 2172 1997 in
2206 1967 2263 2002 ea,

309 2047 391 2092 qua
423 2047 497 2091 ego
529 2047 631 2076 usus
665 2047 768 2081 sum,
803 2031 973 2075 editione
1006 2032 1100 2075 nihil
1132 2032 1292 2076 addidit.

433 2113 522 2156 Jam
555 2128 676 2171 porro
708 2127 839 2170 genus
872 2112 1079 2170 participii,
1114 2112 1222 2170 quod
1254 2112 1304 2155 ad
1338 2111 1542 2170 quandam
1567 2112 1737 2167 [Matth.
1763 2116 1817 2166 §§
1844 2113 1932 2157 442
1959 2117 1993 2156 61
2021 2112 2107 2156 430
2135 2111 2173 2163 b,
2200 2114 2267 2167 11.)

309 2192 701 2238 circumlocutionem
743 2191 927 2243 refertur,
972 2191 1022 2235 ad
1071 2192 1269 2236 notionem
1318 2190 1514 2251 dirigitur,
1550 2206 1655 2251 quae
1687 2192 2041 2238 circumlocutione
2074 2206 2269 2252 expressa

310 2280 385 2319 est.
451 2272 523 2317 Kr.
566 2272 594 2324 l,
634 2270 703 2324 47,
752 2273 791 2323 ὃ,
835 2273 902 2317 12.
969 2270 1052 2315 Cfr.
1087 2271 1164 2316 Ku.
1199 2276 1223 2327 S
1260 2272 1369 2326 4203
1405 2271 1452 2314 B.
1486 2285 1577 2331 pag.
1616 2274 1689 2315 53.
1756 2273 1820 2316 Ad
1854 2288 1975 2317 suum
2008 2281 2267 2333 praeceptum

311 2355 383 2399 ΚΓ.
424 2354 510 2415 ipsc
555 2368 630 2398 nos
673 2353 869 2413 delegavit
909 2354 949 2397 in
991 2354 1056 2405 lv,
1104 2354 1172 2404 44,
1209 2349 1324 2396 οὕτω
1358 2356 1432 2395 καὶ
1464 2355 1539 2409 τῆς
1563 2349 1722 2411 Ἆσίης,
1757 2357 1877 2411 πλὴν
1910 2357 1962 2396 τοὶ
1994 2356 2109 2413 πρὸς
2141 2350 2270 2410 ἥλιον

310 2432 561 2491 ἀνίσχοντα,
610 2437 662 2477 u?
712 2433 830 2476 ἄλλα
879 2430 1113 2492 ἀνεύρηται
1157 2432 1297 2488 ὁμοῖα
1334 2440 1622 2489 παρεχομένη
1664 2437 1716 2491 τῇ
1748 2437 1910 2491 Λιβύῃ,
1944 2451 2036 2480 cum
2070 2450 2152 2493 quo
2186 2435 2271 2478 loco

310 2516 529 2575 quandam,
567 2516 600 2558 si
633 2515 730 2574 quid
763 2514 891 2564 video,
927 2514 1222 2557 similitudinem
1256 2513 1375 2556 habet
1410 2514 1438 2562 l,
1469 2516 1540 2563 36,
1566 2540 1629 2545 -
1653 2512 1732 2562 ὗὸς
1748 2519 1908 2572 χρῆμα
1931 2522 2095 2570 γίνεται
2119 2521 2270 2569 μέγα·

311 2593 597 2657 ὅρμεόμενος
629 2594 674 2639 δὲ
710 2588 835 2644 οὗτος
866 2592 914 2637 ἐκ
945 2595 1021 2637 τοῦ
1055 2591 1209 2652 οὔρεος
1239 2618 1297 2624 -
1333 2617 1393 2623 -
1425 2594 1481 2635 τοὶ
1515 2618 1573 2623 -
1608 2592 1721 2653 ἔργα
1754 2593 2074 2655 διαφθείρεσκε
2095 2596 2155 2650 ⁵).

417 2725 450 2769 ³)
479 2724 553 2760 Cfr.
596 2723 673 2759 Liv.
714 2723 847 2766 XXIII,
886 2722 946 2766 17,
982 2724 1124 2761 Poenus
1150 2721 1309 2759 Acerras
1328 2723 1494 2768 primum
1521 2724 1573 2760 ad
1598 2724 1848 2761 voluntariam
1877 2724 2094 2761 deditionem
2121 2724 2273 2760 conatus

303 2787 492 2833 perlicere,
512 2789 708 2833 postquam
735 2786 934 2824 obstinatos
960 2786 1047 2823 inde
1072 2786 1177 2829 videt,
1206 2785 1365 2822 obsidere
1393 2789 1504 2831 atque
1530 2797 1750 2833 oppugnare
1770 2791 1896 2833 parui.

416 2851 450 2894 ⁴)
477 2849 646 2885 Similiter
673 2850 883 2884 vocabulum
912 2851 1000 2884 ‘urbs
1027 2849 1141 2883 Plinio
1168 2848 1392 2882 obversatum
1419 2853 1472 2882 est
1500 2850 1546 2883 Η.
1572 2849 1633 2891 N.,
1662 2850 1706 2891 V,
1736 2848 1800 2891 28,
1820 2849 1869 2884 21
1889 2849 2076 2884 scribenti:
2103 2849 2270 2883 Elatium

312 2913 464 2949 dimidio
481 2913 636 2959 prwior
662 2912 804 2955 Petrae,
831 2924 939 2958 quam
967 2912 1183 2953 Damascus,
1209 2913 1246 2945 et
1271 2910 1442 2945 Suetonio
1470 2911 1540 2946 Tit.
1569 2912 1592 2946 5
1621 2935 1671 2940 -
1712 2936 1759 2941 --
1795 2912 2126 2955 Hierosolymorum
2161 2922 2273 2956 oppu-

309 2975 487 3021 9natione
515 2999 564 3004 -
591 2998 641 3004 —-
669 2998 719 3004 -—
747 2975 907 3020 ccpitque
932 2984 1007 3011 eam
1038 2995 1095 3009 -.

420 3041 453 3084 ⁶)
482 3038 556 3074 cfr.
592 3039 682 3074 Hor.
718 3038 792 3074 Sat.
828 3038 873 3080 11,
902 3038 930 3078 Ι,
959 3033 1125 3077 71-73,
1158 3058 1202 3062 -
1230 3035 1348 3070 riv-tus
1378 3035 1575 3080 Scipiadae
1601 3040 1636 3073 et
1661 3038 1760 3072 mitis
1787 3037 1970 3082 sapientia
1998 3036 2107 3073 Laeli
2134 3036 2273 3081 nuyan·

310 3114 389 3139 cum
416 3102 480 3137 illo
507 3104 539 3136 et
568 3101 736 3137 discincti
764 3100 888 3136 ludere
916 3122 963 3127 —
991 3099 1098 3135 soliti.

433 3173 548 3206 Lunds
572 3172 668 3206 Univ.
693 3163 868 3205 Arsskrift.
913 3172 1009 3205 Tom.
1035 3171 1071 3203 V.
2132 3172 2152 3203 4
