2941 3765
986 331 1036 365 De
1058 327 1268 365 anneotutffi's
1291 329 1507 364 Herodoteis.
2166 313 2224 355 35

258 438 366 498 apud
397 436 645 482 Herodotum
676 438 794 483 latius
824 447 945 498 patet,
979 440 1019 484 id
1051 439 1160 499 quod
1193 453 1244 482 ex
1276 438 1408 482 indole
1437 437 1687 481 Herodoteae
1719 437 1902 483 dictionis
1935 436 1986 480 ad
2016 437 2224 496 quotidia-

258 532 358 563 num
391 517 599 563 hominum
632 506 858 563 sermonem
889 534 1013 580 quam
1046 519 1229 581 proxime
1261 518 1488 563 accedentis
1521 524 1561 562 et
1592 517 1917 578 perspicuitatem
1947 517 2219 561 consectantis

257 598 320 642 vel
367 598 517 658 optime
565 598 728 658 intelligi
772 606 915 659 potest.
979 600 1034 644 Ut
1073 608 1209 645 autem
1252 606 1382 644 totum
1415 613 1547 659 genus
1579 597 1815 649 illustretur,
1851 612 1901 641 ex
1935 605 2045 641 tanta
2079 612 2223 640 exem-

257 678 419 738 plorum
452 679 551 723 silva
583 677 684 722 haec
715 679 904 723 afferam:

380 760 427 809 Π,
470 758 568 809 175,
603 764 679 802 καὶ
709 763 836 803 τοῦτο
868 760 1077 816 ἐκόμιζον
1108 765 1195 815 μὲν
1227 756 1313 803 ἐπ’
1344 759 1441 802 ἔτεα
1474 765 1588 817 τρία,
1625 758 1837 814 δισχίλιοι
1872 759 1923 801 δέ
1943 759 1987 802 οἳ
2008 773 2220 814 προσετε-

256 841 415 896 τάχατο
465 836 625 899 ἄνδρες
671 835 890 897 ἀγωγέες,
930 841 1009 886 -ubi
1058 841 1145 902 ipsa
1187 840 1406 885 verborum
1437 839 1643 884 collocatio
1674 839 1941 888 demonstrat,
1979 837 2093 898 prius
2127 837 2222 882 illud

257 920 488 964 membrum
535 921 590 963 ita
636 919 930 965 conformatum
979 937 1081 973 esse,
1132 930 1177 967 ut
1225 935 1303 967 vox
1355 924 1480 964 τοῦτο
1529 921 1641 964 initio
1692 920 1980 964 convenienter
2020 919 2071 962 ad
2116 918 2222 962 alte-

256 1015 349 1044 rum
389 1015 552 1059 quoque
594 1001 823 1045 membrum
865 1002 1049 1061 scriptori
1089 1002 1295 1047 referenda
1328 1010 1449 1046 esset.
1504 1002 1572 1052 IX,
1624 1004 1658 1052 l,
1709 1003 1822 1043 τοῖσι
1871 998 1919 1042 δὲ
1973 999 2225 1055 Θεσσαλίης

257 1078 550 1136 ἡγεομένοισι
606 1079 703 1125 οὔτε
759 1083 812 1124 τά
871 1085 960 1140 πρὸ
1019 1085 1096 1126 τοῦ
1150 1089 1449 1141 πεπρηγμένα
1495 1083 1721 1138 ’μετέμελε
1772 1076 1916 1134 οῦδὲν,
1967 1081 2130 1138 πολλῷ
2178 1095 2220 1123 τε

256 1161 439 1215 μᾶλλον
478 1158 649 1217 ἐπῆγον
689 1163 767 1204 τόν
810 1165 1003 1220 Πέρσην.
1067 1163 1167 1215 ΥΠΙ,
1213 1166 1285 1214 69,
1330 1162 1437 1206 τάδε
1481 1161 1739 1213 καταδόξας,
1788 1162 1902 1218 πρὸς
1931 1163 2019 1215 μὲν
2052 1155 2222 1217 Εὐβοίῃ

258 1246 397 1295 σφέας
442 1238 760 1283 ἐθελοκακέειν
807 1239 868 1290 ὥς
916 1238 968 1285 οὖ
1014 1243 1257 1300 παρεόντος
1302 1238 1453 1296 αὐτοῦ,
1495 1244 1590 1285 τότε·
1635 1241 1681 1285 δὲ
1726 1236 1855 1288 αὕτδς
1886 1239 2221 1298 παρεσκεύαστο

257 1321 528 1376 θηήσασθαι
575 1328 918 1376 ναυμαχέοντας,
963 1337 1044 1381 quo
1092 1324 1178 1367 loco
1226 1330 1317 1382 post
1364 1323 1479 1382 prius
1529 1323 1757 1366 membrum
1802 1320 2000 1364 sententia
2040 1319 2097 1362 sic
2140 1319 2223 1363 fere

256 1400 530 1445 continuanda
570 1401 695 1446 fuisse
743 1401 920 1447 videtur:
970 1403 1057 1463 ipso
1105 1413 1239 1449 autem
1289 1412 1495 1464 spectante
1536 1419 1606 1447 eos
1646 1403 1791 1447 fortius
1824 1417 1915 1446 esse
1946 1400 2220 1445 dimicaturos.

256 1481 322 1534 lv,
380 1482 479 1535 448,
521 1489 802 1544 παραιτέεται
850 1481 879 1527 o‘
911 1484 1078 1545 Θήρας,
1129 1480 1248 1535 ὅκως
1284 1484 1398 1544 μήτε
1443 1486 1584 1541 φόνος
1622 1491 1813 1542 γένηται,
1862 1479 1994 1532 αὐτός
2035 1498 2075 1526 τε
2111 1480 2222 1526 ὕπε-

257 1562 411 1606 δέκετό
459 1566 599 1619 σφεας
637 1563 811 1616 ἐξάξειν
843 1563 892 1606 ἔκ
922 1569 1000 1622 τῆς
1023 1568 1186 1625 χώρης.
1251 1565 1363 1608 Ordo
1394 1565 1606 1609 institutus
1640 1573 1827 1609 servatus
1861 1571 1981 1614 esset,
2018 1564 2051 1606 si
2084 1563 2221 1605 Hero-

254 1643 377 1688 dotus
427 1643 655 1704 scripsisset
702 1640 833 1693 αὐτός
873 1651 920 1687 τέ
959 1660 1097 1701 σφεας
1137 1645 1331 1705 ἐξαγάγῃ
1376 1645 1410 1689 ἐ.
1453 1662 1488 1689 τ.
1528 1663 1573 1703 χ.
1640 1647 1775 1706 Atque
1809 1644 1969 1705 plurimi
2003 1652 2100 1689 sunt
2132 1643 2219 1694 loci,

254 1726 323 1769 ubi
370 1725 475 1769 aliud
527 1725 578 1768 sit
626 1725 852 1785 subJectum
901 1727 1068 1770 membri
1115 1727 1273 1786 prioris,
1324 1726 1431 1771 aliud
1480 1727 1728 1786 posterioris,
1778 1742 1907 1786 quum
1940 1741 2071 1770 unum
2114 1726 2221 1770 sub—

249 1808 401 1864 jectum
432 1806 596 1862 utrique
628 1806 810 1849 membro
842 1822 1054 1850 commune
1084 1822 1174 1850 esse
1206 1807 1381 1856 deberet,
1417 1808 1446 1856 l,
1483 1808 1588 1856 207,
1624 1807 1786 1850 ἐκεῖνοι
1820 1807 2029 1860 ἰδόμενοι
2062 1803 2223 1860 άγαθα

253 1888 405 1930 πολλὰ
436 1892 679 1944 τρέψονταί
706 1903 751 1930 τε
784 1888 900 1946 πρός
929 1882 1052 1940 αὕτα,
1085 1890 1160 1930 καὶ
1182 1884 1293 1943 ἡμῖν
1313 1889 1362 1931 τό
1386 1885 1596 1950 ἐνθεῦτεν
1617 1888 1814 1931 λείπεται
1838 1882 2052 1938 ἀπόδεξις
2072 1885 2222 1944 ἔργων

252 1967 487 2022 μεγάλων.
555 1965 697 2011 Partes
730 1966 852 2026 hujus
884 1965 1250 2027 comprehensionis
1284 1966 1317 2010 si
1350 1966 1571 2025 aequaliter
1603 1966 1877 2012 conformatae
1908 1973 2058 2017 essent,
2085 1966 2220 2026 scrip-

252 2054 340 2093 tum
374 2054 494 2100 esset,
530 2046 684 2108 opinor,
720 2076 783 2081 —
817 2075 876 2082 —
911 2043 1019 2093 αἰτοῖ
1051 2051 1125 2092 καὶ
1157 2048 1361 2091 λείπουσι
1394 2046 1420 2091 l.
1453 2053 1698 2108 παρέχουσι
1732 2045 1843 2106 ἡμῖν
1876 2064 1911 2091 τ.
1946 2046 1979 2091 ἐ.
2005 2043 2222 2100 ἀπόδεξιν

252 2128 285 2173 ἐ.
335 2146 387 2186 μ.
438 2129 504 2181 Vl,
560 2129 630 2181 43,
674 2153 734 2161 —-·
779 2156 836 2162 —
880 2128 907 2173 ὅ
939 2128 1201 2190 Μαρδόνιος
1231 2154 1292 2160 -
1325 2154 1385 2160 —
1419 2155 1482 2160 —
1515 2123 1647 2176 αὐτὸς
1677 2130 1765 2184 μὲν
1799 2155 1861 2161 -
1894 2155 1955 2160 —
1988 2127 2220 2185 ἐκομίζετο

174 2264 177 2267 ¹
252 2206 353 2266 ἅμα
384 2213 482 2268 τῇσι
514 2208 676 2268 ἄλλῃσι
710 2216 851 2267 νηυσὶ,
886 2213 1089 2269 στρατιὴν
1121 2209 1167 2253 δὲ
1200 2211 1277 2265 τήν
1310 2211 1449 2265 πεζήν
1481 2206 1617 2252 ἄλλοι
1652 2208 1878 2266 ἡγεμόνες
1909 2206 2025 2267 ἦγον
2058 2236 2120 2243 —-
2145 2236 2219 2252 —.

250 2292 314 2336 Ex
347 2291 472 2336 altero
505 2292 690 2336 membro
724 2298 930 2351 repetatur
962 2304 1052 2351 στρ.
1087 2289 1125 2334 δ.
1159 2305 1194 2333 τ.
1230 2305 1276 2332 π.
1301 2286 1482 2332 ἄλλοισι
1505 2287 1705 2345 ἡγεμόσι
1728 2290 1965 2351 παρέδωκε
1989 2289 2121 2347 ἄγειν
2142 2317 2218 2334 -.

252 2372 318 2425 ΥΙ,
367 2375 438 2425 52,
472 2372 650 2421 τούτους
681 2368 998 2431 ἀνδρωθέντας
1028 2368 1185 2420 αὐτούς
1215 2385 1259 2414 τε
1293 2366 1542 2427 άδελφεοῦς
1572 2369 1726 2421 ἐόντας
1756 2372 1938 2428 λέγουσι
1973 2371 2222 2431 διαφόρους

251 2451 365 2498 εἶναι
412 2455 490 2498 τόν
537 2452 681 2498 πάντα
722 2453 893 2513 χρόνον
933 2455 1004 2512 τῆς
1043 2454 1144 2510 ζόης
1174 2448 1426 2511 άλλήλοισι,
1459 2455 1535 2495 καὶ
1566 2452 1668 2500 τοῦς
1699 2449 1791 2496 άπό
1822 2452 1990 2496 τούτων
2021 2457 2219 2509 γενομέ-

250 2549 354 2584 νους
401 2531 616 2584 ὥσαύτως
662 2532 918 2589 διατελέειν,
966 2533 1084 2594 cujus
1130 2532 1499 2595 comprehensionis
1531 2531 1658 2577 altera
1690 2546 1787 2594 pars
1820 2532 1924 2577 idem
1958 2532 2064 2578 valet
2095 2539 2220 2593 atque

248 2618 324 2659 καὶ
349 2613 535 2665 ·παῖδας
582 2612 797 2665 αἷσαύτως
838 2615 1140 2665 διατελέοντας
1181 2615 1411 2660 λιπέσθαι.
1478 2614 1564 2667 ΥΙΙ,
1607 2613 1707 2667 157,
1744 2615 1797 2658 σύ
1832 2613 1880 2658 δὲ
1917 2612 2139 2670 δυνάμιός
2171 2627 2215 2657 τε

250 2691 370 2754 ἥκεις
413 2695 632 2755 μεγάλης,
680 2699 757 2739 καὶ
802 2696 947 2756 μοῖρά
985 2710 1052 2739 τοι
1090 2698 1164 2754 τῆς
1187 2693 1402 2750 Ἑλλάδος
1433 2691 1515 2739 οὐκ
1546 2693 1752 2753 ἐλαχίστη
1785 2701 1899 2752 μέτα
1931 2720 1993 2726 -
2028 2719 2103 2748 -,
2136 2707 2219 2754 quo

249 2777 335 2819 loco
382 2777 495 2820 alteri
550 2779 734 2821 membro
792 2778 984 2821 substitui
1029 2784 1170 2836 ‘potest
1224 2782 1299 2819 καὶ
1346 2781 1516 2836 μοῖραν
1571 2781 1649 2832 τῆς
1697 2776 1922 2824 Ἑλλάδος
1981 2773 2063 2818 οὐκ
2111 2775 2219 2817 ἐλα-

241 2863 398 2914 χίστην
445 2865 658 2913 μετέχεις,
706 2858 757 2901 de
789 2874 871 2917 qua
912 2858 1068 2902 dicendi
1113 2857 1240 2901 forma
1287 2856 1359 2900 cfr.
1408 2859 1437 2908 Ι,
1492 2861 1549 2903 20
1559 2858 1599 2901 4.
1663 2857 1872 2902 Consimili
1916 2857 2071 2900 ratione
2118 2858 2219 2901 haec

248 2953 412 2999 quoque
460 2939 643 3000 exempla
695 2939 931 3000 explicanda
979 2946 1074 2984 sunt
1122 2939 1151 2991 l,
1204 2941 1275 2990 33,
1324 2938 1433 2995 init.;
1484 2939 1548 2991 ΙΙΙ,
1612 2941 1694 2995 633
1747 2938 1815 2991 lv,
1844 2940 1969 2989 405,
2011 2936 2120 2994 init.;
2168 2937 2217 2990 V,

250 3022 331 3076 953
383 3019 449 3074 Vl,
497 3020 575 3078 403
619 3021 684 3074 vl,
737 3023 844 3078 4363
889 3020 972 3074 Vll,
1017 3023 1098 3079 883
1144 3020 1227 3073 Vll,
1277 3019 1502 3076 144;ἯΙ,
1546 3020 1655 3077 ⁴443
1691 3021 1775 3073 ΥΠ,
1813 3022 1929 3077 236;
1963 3018 2065 3072 ΥΠΙ,
2108 3019 2218 3076 444,

247 3101 317 3153 IX,
363 3100 404 3154 7,
445 3102 531 3147 init.
581 3103 757 3147 Accedat
804 3103 851 3155 ll,
903 3102 976 3155 24,
1027 3128 1086 3134 —-
1134 3126 1197 3133 --
1243 3103 1401 3158 ταύτην
1448 3100 1574 3149 οἶκός
1622 3101 1764 3161 διψῆν
1808 3119 1854 3146 τε
1903 3101 2080 3147 ὖδάτων
2121 3107 2219 3161 μά-
