2941 3765
1035 323 1085 357 De
1106 320 1315 357 anacoluthis
1337 320 1554 356 Herodoteis.
2219 303 2278 347 23

442 430 514 474 Hic
562 430 753 489 quoniam
802 430 852 474 de
901 432 1150 490 singulorum
1199 446 1369 476 casuum
1402 429 1655 474 anacoluthis
1687 429 1869 488 quaestio
1902 428 2086 473 absoluta
2118 436 2192 479 est,
2228 427 2280 471 ad

320 510 480 570 generis
528 518 566 555 et
616 510 773 555 numeri
823 512 1061 557 anacolutha
1109 520 1378 558 transeamus.
1445 512 1645 570 Persaepe
1690 510 1794 554 enim
1837 509 1909 553 loci
1940 517 2173 561 occurrunt,
2210 507 2280 553 ubi

319 592 508 647 scriptor
554 592 602 635 in
640 591 883 636 notionibus
924 596 1227 650 eoeprimertdis,
1260 608 1442 651 quarum
1473 607 1561 637 una
1595 593 1654 637 ad
1685 592 1863 636 alterius
1891 605 2027 647 yenus
2060 595 2100 634 et
2131 604 2279 634 nume-

318 685 415 714 rum
464 672 763 716 constituenda
810 673 895 716 vim
941 673 1094 718 habere
1142 675 1329 731 debebat,
1371 688 1495 719 voees
1527 676 1718 728 usurpet,
1752 685 1871 727 quae,
1904 673 1943 715 si
1970 672 2281 726 yrammatieae

319 752 531 796 rationem
578 752 792 807 habueris,
841 756 915 796 aut
957 738 1112 808 yenerse
1151 760 1226 800 aut
1264 769 1440 799 numero
1482 758 1558 797 aut
1589 757 1768 808 utroque
1800 753 1914 794 inter
1946 764 1991 794 se
2024 753 2280 807 discrepent,

320 845 447 887 quum
487 846 540 876 ex
579 847 668 876 una
700 834 908 877 locutione
941 836 1056 878 notio
1090 836 1187 880 elici
1211 838 1365 892 possit,
1397 848 1506 891 quae
1539 834 1668 878 alteri
1698 834 1794 877 voci
1826 827 1980 887 optime
2012 819 2280 888 respondeat.

320 911 452 965 Quam
488 911 723 957 abnormem
757 912 958 958 scribendi
990 915 1320 960 consuetudinem
1353 913 1583 959 Herodotus
1618 920 1703 958 tum
1739 912 1912 957 maxime
1942 911 2125 963 admittit,
2152 926 2279 971 quum

320 999 391 1036 aut
432 992 670 1052 adjectivum
712 994 737 1037 l.
779 1008 1001 1053 pronomen
1046 995 1093 1038 ad
1128 1010 1272 1039 nomen
1306 996 1466 1054 aliquod
1500 1002 1563 1039 est
1596 993 1853 1039 referendum
1888 1001 1959 1036 aut
1991 992 2277 1052 praedicatum,

320 1073 427 1132 quod
479 1073 629 1125 dicunt,
671 1089 763 1119 cum
808 1076 988 1134 subjecto
1029 1077 1309 1135 copulandum.
1375 1077 1510 1136 Atque
1551 1077 1628 1120 has
1670 1076 1924 1135 potissimum
1959 1073 2280 1117 constructiones

319 1155 568 1214 grammatici
609 1155 660 1199 ad
702 1170 867 1201 sensum
901 1157 1032 1201 dicere
1066 1158 1212 1213 solent3
1253 1172 1426 1218 quarum
1460 1157 1636 1202 concedo
1669 1172 1758 1201 esse
1793 1156 2019 1207 nonnullas,
2055 1170 2171 1214 quaS,
2207 1163 2280 1199 ut-

320 1243 412 1295 pote
444 1250 549 1295 quae.
581 1236 621 1279 in
654 1236 810 1280 Graeco
844 1252 1029 1281 sermone
1061 1238 1179 1283 latius
1212 1246 1382 1299 pateant,
1418 1239 1523 1282 inter
1556 1254 1601 1282 ea
1635 1238 1887 1288 anacolutha,
1924 1252 2029 1296 quae
2059 1236 2109 1279 ad
2133 1251 2278 1295 perse-

303 1316 527 1375 ‘quendum
562 1316 656 1360 mibi
689 1315 754 1360 hic
787 1317 991 1378 proposui,
1027 1333 1240 1364 numerare
1272 1319 1550 1364 dubitaverim.
1607 1318 1746 1364 Satius
1777 1327 1912 1363 tamen
1946 1317 2042 1362 duxi
2077 1332 2146 1361 eas
2168 1332 2278 1376 quo-

319 1411 399 1456 que
442 1404 681 1449 structuraS,
726 1413 831 1457 quae
870 1397 1161 1458 frequentiores
1206 1408 1312 1452 sunt,
1360 1399 1527 1456 afferre3
1563 1408 1657 1445 sunt
1691 1400 1798 1444 enim
1833 1399 2054 1443 rarioribus
2087 1405 2312 1458 cognatae,

320 1477 373 1521 ob
406 1491 575 1537 eamque
607 1493 693 1522 rem
726 1479 777 1522 ad
810 1479 884 1523 has
918 1479 1173 1524 illustrandas
1205 1481 1403 1541 pertinent
1423 1482 1483 1537 ⁶).

442 1559 529 1602 Jam
578 1560 629 1602 ad
678 1559 896 1604 locutiones
944 1562 1177 1613 collectivas,
1227 1578 1330 1621 quae
1369 1562 1570 1612 dicuntur,
1606 1561 1821 1619 cujuslibet
1856 1561 2012 1604 numeri
2045 1570 2085 1605 et
2116 1562 2279 1620 generis

321 1654 438 1683 voces
471 1639 635 1699 pluralis
670 1640 828 1684 numeri
861 1649 899 1685 et
930 1642 1137 1687 masculini
1159 1643 1317 1703 generis
1338 1657 1362 1686 a
1383 1641 1549 1687 Graecis
1574 1641 1841 1701 scriptoribus
1866 1640 2109 1693 referuntur,
2135 1656 2276 1701 quan-

320 1720 534 1780 docunque
583 1736 664 1765 non
712 1727 794 1766 tam
846 1721 895 1766 de
942 1729 1025 1767 toto
1066 1738 1186 1782 quam
1227 1723 1276 1768 de
1309 1722 1487 1782 singulis
1523 1737 1629 1782 quae
1661 1729 1745 1766 toto
1778 1722 2049 1773 continentur,
2086 1722 2278 1782 cogitant.

319 1800 390 1845 Kr.
433 1801 461 1852 l,
508 1803 578 1854 58,
623 1802 661 1854 4,
716 1805 748 1847 l.
812 1803 876 1847 Ex
920 1802 1031 1847 libris
1071 1802 1257 1848 Herodoti
1298 1802 1396 1847 haec
1438 1802 1531 1863 petii
1564 1802 1767 1863 exempla:
1801 1802 1868 1854 lx,
1908 1804 1980 1854 23,
2016 1805 2064 1847 τό
2098 1802 2283 1860 πλῆθος

319 1880 654 1943 ἐπεβοήθησαν,
678 1882 813 1929 Schw.
837 1890 876 1928 et
898 1881 980 1945 Sg„
1006 1882 1319 1943 ἐπεβιόθησαν,
1342 1883 1415 1937 St„
1441 1883 1511 1930 ubi
1534 1883 1705 1930 verbum
1728 1883 1832 1945 plur.
1856 1883 2016 1937 numeri
2038 1883 2090 1929 ad
2113 1883 2280 1945 subJ'ec-

321 1969 406 2010 tum
457 1963 559 2026 sing.
608 1978 721 2011 num.
772 1964 957 2011 refertur.
1022 1965 1176 2027 Reliqui
1225 1965 1396 2012 editores
1445 1965 1690 2027 singularem
1723 1965 1835 2011 verbi
1870 1965 2042 2022 babent,
2077 1965 2280 2011 invenitur

322 2052 456 2088 tamen
489 2045 655 2106 pluralis
688 2046 728 2089 in
760 2045 1041 2089 Sancrol'tiano
1074 2046 1211 2090 saltem
1244 2046 1377 2089 codice
1397 2047 1458 2102 ⁷).
1523 2046 1641 2089 Haud
1673 2046 1876 2088 dissimilis
1910 2053 1972 2087 est
2005 2047 2074 2096 lx,
2114 2050 2184 2096 59,
2221 2046 2285 2093 αἷς

319 2125 477 2167 ποδῶν
519 2126 700 2175 ἕκαστος
732 2125 852 2183 εἶχον
872 2129 933 2184 ⁸).
998 2129 1127 2170 Etiam
1162 2129 1323 2188 pluralis
1358 2128 1469 2170 verbi
1502 2136 1727 2186 usurpatur
1762 2141 1910 2168 nomen
1944 2128 2160 2185 singularis
2195 2143 2278 2170 nu-

319 2207 429 2256 meri,
466 2209 575 2265 quod
609 2210 817 2258 antecedit,
854 2210 1070 2267 respiciens
1103 2211 1183 2258 Vll,
1224 2212 1319 2256 126,
1354 2207 1450 2249 οὔτε
1486 2235 1544 2240 -
1577 2209 1666 2250 ἴδοι
1690 2226 1753 2255 τι,ι
1774 2208 1830 2250 3212
1853 2211 2026 2260 λέοντα,
2052 2236 2110 2241 -
2136 2236 2280 2265 -.-

319 2282 419 2329 ἀλλ’
465 2315 525 2321 -
575 2295 788 2345 γίνονται.
854 2288 929 2335 Cui
968 2290 1193 2335 contrarius
1231 2297 1292 2334 est
1324 2289 1371 2340 ll,
1409 2291 1480 2340 68,
1530 2291 1632 2332 Τιῦν
1664 2288 1711 2332 δὲ
1747 2291 2056 2349 κροκοδείλων
2091 2288 2119 2348 ἦ
2152 2290 2283 2346 φύσις

317 2461 469 2517 γνόντᾳ,
495 2476 539 2501 τε
574 2461 642 2502 καὶ
671 2461 897 2502 ἐννώσαντα
923 2487 972 2494 -
1000 2463 1146 2503 κελεύει
1174 2487 1235 2501 —-.
1264 2464 1404 2510 Reliqui
1431 2468 1550 2499 autem
1577 2465 1745 2508 editores,
1774 2478 1864 2511 quos
1892 2465 1975 2505 adii,
2005 2477 2127 2499 omnes
2153 2465 2282 2510 legunt

317 2519 500 2574 κελεῦεὶῗ),
530 2528 639 2574 quod,
668 2529 698 2563 si
724 2529 959 2575 Wesselingio
986 2530 1128 2565 credere
1154 2529 1246 2571 licet,
1275 2528 1484 2564 auctoritate
1512 2529 1675 2564 codicum
1703 2542 1777 2564 non
1803 2533 1913 2565 caret.
1969 2528 2134 2565 Ceterum
2163 2528 2278 2564 Schw.

317 2590 405 2638 ipse,
448 2590 550 2627 Tom.
592 2591 636 2635 V,
676 2604 759 2639 pag.
803 2590 891 2636 102,
933 2594 1110 2628 confessus
1143 2595 1208 2636 est,
1245 2591 1417 2639 ejusmodi
1443 2592 1648 2627 anacoluthi
1676 2592 1816 2628 nullum
1843 2592 1957 2627 simile
1984 2591 2186 2639 exemplum
2214 2591 2282 2627 sibi

318 2654 523 2698 occurrisse,
552 2654 596 2690 de
623 2668 695 2702 qua
721 2667 759 2690 re
786 2656 851 2691 cfr.
877 2656 957 2692 Joh.
984 2657 1084 2692 Tom.
1112 2656 1139 2697 I,
1167 2667 1246 2702 pag.
1275 2653 1363 2690 305.

424 2730 458 2774 ⁶)
486 2728 670 2776 Copiosius
704 2730 799 2766 hunc
824 2731 941 2766 locum
967 2733 1169 2778 persecutus
1195 2733 1247 2764 est
1273 2729 1337 2765 Dr.
1365 2729 1395 2764 F
1397 2742 1425 2764 r.
1452 2729 1586 2766 Gruter
1612 2730 1650 2765 in
1677 2730 1811 2773 libello,
1840 2730 1904 2777 qui
1930 2729 2138 2765 inscribitur
2164 2729 2283 2766 Ueber

318 2790 375 2828 die
401 2791 546 2840 Synesis
573 2792 659 2830 oder
685 2793 943 2831 Konstruction
970 2793 1059 2831 nach
1086 2792 1164 2829 dem
1191 2792 1300 2830 Sinne
1326 2791 1364 2828 in
1391 2792 1455 2829 der
1480 2792 1713 2830 lateinischen
1740 2794 1816 2830 und
1840 2793 2084 2842 griechischen
2112 2793 2279 2841 Sprache.

317 2857 482 2892 Mfinster
510 2855 622 2892 1855.

422 2920 455 2965 ⁷)
485 2920 558 2956 Cfr.
600 2921 680 2957 Liv.
722 2922 766 2966 V,
809 2922 871 2966 40,
906 2933 1003 2968 pars
1035 2933 1106 2967 per
1132 2931 1240 2966 ayros
1266 2921 1414 2965 dilapsi,
1434 2932 1531 2965 pars
1558 2922 1667 2958 urbes
1686 2926 1823 2968 petunt
1840 2923 2046 2967 finitimas,·
2073 2921 2205 2963 XXIV,
2235 2920 2281 2964 3;

317 2982 415 3018 Caes.
442 2983 487 3018 D.
515 2983 557 3019 B.
586 2984 629 3019 G.
659 2985 705 3027 II,
735 2984 770 3020 6.

422 3048 455 3093 ⁸)
484 3046 564 3084 Liv.
605 3047 738 3092 XXIV,
780 3045 831 3084 20
872 3069 920 3076 -
961 3058 1040 3085 eum
1080 3057 1202 3086 eorum
1236 3056 1338 3082 nemo
1372 3067 1420 3073 -—
1450 3069 1499 3074 -
1528 3068 1578 3074 ——
1615 3051 1684 3084 aut
1717 3048 1791 3094 ipsi
1816 3048 1985 3086 venirent
2011 3050 2079 3084 aut
2107 3047 2281 3083 nuntium

318 3111 500 3146 litterasve
525 3110 720 3153 mitterent,
748 3124 816 3153 —;
845 3109 944 3143 Caes.
972 3109 1018 3143 D.
1045 3108 1086 3142 B.
1117 3107 1154 3142 C.
1180 3107 1242 3149 III,
1272 3105 1333 3141 30.
