2941 3765
674 323 730 368 48
1502 343 1535 376 S.
1560 344 1600 377 Ε.
1624 343 1810 377 ΜεΙαιιᾶοτ.

669 479 730 485 —-
780 448 881 495 οὔδε
932 453 1072 508 λόγος
1111 453 1265 511 αἱρέει,
1300 457 1362 512 τῷ
1396 452 1630 512 ἐπίκουροί
1673 470 1710 497 τε
1745 453 1977 509 μισθωτοὶ
2009 456 2084 495 καὶ
2121 452 2293 503 τοξόται
2330 450 2495 508 οἶκήϊοι
2530 440 2644 508 ἧάαν

670 532 848 590 πλήθεϊ
894 535 1073 585 πολλοὶ,
1126 536 1280 576 τοῦτον
1314 560 1374 566 —
1408 560 1466 564 —
1502 533 1780 589 ἑσσωθῆναι,
1815 533 1887 576 Kr.
1921 533 1949 582 l,
1988 535 2058 582 54,
2098 535 2137 582 5,
2179 535 2215 574 l.
2270 532 2318 580 V,
2362 534 2459 581 ⁴⁴9,
2495 546 2643 573 κατε-ι-

668 613 883 671 ληθέντες
923 612 970 656 δὲ
1013 608 1078 656 (ὃν
1113 606 1234 656 οὗτοι
1258 612 1468 657 ”ε’νθαῦτα
1500 612 1791 668 ἐβουλεύοντο
1826 638 1899 655 -.
1935 612 2036 663 Vlll,
2073 615 2147 664 25,
2188 615 2334 655 Ταῦτα
2368 611 2642 668 ἐπαγγειλα-

668 701 824 750 μένου,
874 696 990 750 μετὰ
1042 696 1175 737 ταῦτα
1219 690 1347 737 οὐδὲν
1388 692 1553 750 ἐγίνετο
1597 692 1772 735 πλοίὼν
1813 691 2132 752 σπανιώτερον,
2183 694 2253 737 Kr.
2295 694 2323 744 l,
2378 695 2449 745 56,
2494 695 2560 745 10,
2600 694 2640 737 3.

668 776 697 827 l,
738 779 855 826 489,
906 802 968 807 ——
1016 773 1079 822 «53
1127 774 1378 829 διαβαίνειν
1428 760 1632 831 ἐπειρᾶτο
1677 772 1704 815 o‘
1742 775 1887 830 Κῦρος
1920 801 1979 806 -
2015 801 2090 825 —‚
2134 774 2333 816 ἐνθαῦτα
2367 800 2425 806 -
2462 776 2550 816 τῶν
2583 789 2644 820 τις

669 854 782 913 ἳριῦν
831 853 986 898 ἵππιον
1040 881 1095 887 -
1149 880 1207 885 -—
1250 852 1502 909 διαβαίνειν
1544 852 1763 911 ἐπειρᾶτο.
1832 854 1859 904 l,
1898 854 1972 908 94,
2009 852 2108 897 ἐπεί
2137 871 2175 898 τε
2213 882 2273 887 —-
2309 881 2383 907 -ψ,
2418 850 2535 897 οὕτω
2571 852 2640 909 δὴ.

668 936 696 986 1,
745 934 818 986 27,
850 934 923 982 Ὡς
958 960 1012 966 -
1050 959 1106 964 -
1142 959 1217 986 --,
1254 935 1302 976 τό
1337 932 1559 977 ἐνθεῦτεν.
1628 935 1655 985 l,
1694 935 1766 985 24,
1803 932 1940 977 ε’πειέν
1973 961 2033 967 —
2068 961 2143 988 —,
2178 936 2286 978 τότε.
2352 933 2399 985 V,
2440 935 2511 985 55,
2548 931 2640 976 ἐπεὶ

668 1041 730 1048 —-
779 1042 855 1067 -,
889 1017 1004 1068 μετὰ
1041 1017 1185 1055 ταῦτα.
1255 1015 1355 1065 Vlll,
1393 1014 1464 1064 37,
1496 1011 1616 1057 Ἐπεὶ
1650 1041 1708 1046 -
1744 1040 1820 1068 -—,
1856 1012 1902 1056 ἐν
1934 1016 2089 1073 τούτῳ,
2123 1014 2173 1058 de
2204 1013 2355 1073 quibus
2388 1014 2483 1058 locis
2516 1027 2641 1074 prae-

667 1095 760 1154 cipit
794 1095 867 1138 Kr.
902 1096 929 1144 l,
968 1097 1039 1144 65,
1079 1099 1118 1144 9,
1162 1097 1199 1137 1.
1266 1094 1346 1137 Sed
1380 1094 1420 1137 in
1455 1094 1519 1137 his
1553 1094 1784 1144 structuris,
1820 1108 1997 1153 quarum
2030 1094 2186 1138 infinita
2217 1094 2301 1137 fere
2333 1093 2547 1138 multitudo
2580 1100 2642 1136 est

665 1174 773 1235 apud
807 1173 1066 1225 Herodotum,
1103 1189 1362 1234 quarumque
1394 1190 1542 1235 genera
1577 1175 1797 1220 admodum
1825 1174 1951 1219 multa
1974 1175 2163 1220 constitui
2189 1182 2373 1234 possunt,
2397 1176 2443 1230 ⁸)
2467 1174 2641 1219 fortasse

666 1255 819 1299 diutius
867 1270 991 1314 quam
1043 1269 1114 1314 par
1163 1263 1248 1299 erat
1300 1255 1535 1300 commorati
1579 1270 1735 1307 sumus,
1778 1270 1902 1315 quam
1943 1255 1995 1300 oh
2043 1270 2128 1300 rem
2161 1255 2212 1300 ad
2246 1254 2497 1306 anacolutlia,
2535 1254 2642 1300 unde

668 1351 812 1380 sumus
870 1336 1054 1394 digressi,
1106 1337 1334 1379 redeamus·
1404 1336 1488 1379 Est
1536 1340 1677 1379 autem
1725 1336 1944 1381 abnormis
1992 1336 2278 1393 epanalepsis,
2326 1349 2453 1393 quum
2500 1336 2640 1393 scrip-

669 1422 736 1461 tor
768 1418 815 1461 iu
848 1419 1080 1471 repetendo
1114 1423 1381 1462 structuram
1416 1422 1657 1471 commutat,
1690 1422 1737 1461 ut
1769 1419 1893 1460 initio
1926 1418 2059 1461 aliam
2094 1422 2282 1474 usurpet,
2312 1419 2360 1460 in
2382 1431 2641 1472 consequeu-

670 1497 780 1542 tibus
829 1498 963 1541 aliam
1012 1503 1052 1541 et
1098 1498 1150 1541 ab
1194 1499 1273 1542 illa
1306 1499 1634 1554 discrepantem.
1698 1497 1827 1557 Cujus
1861 1497 2063 1541 scribendi
2094 1498 2400 1542 consuetudinis
2433 1497 2641 1557 complura

670 1586 766 1623 sunt
797 1593 947 1638 genera
967 1580 1028 1634 ⁹).

792 1658 883 1702 Uno
931 1658 1037 1701 enim
1082 1658 1166 1701 loco
1216 1659 1266 1708 id,
1314 1658 1421 1717 quod
1471 1659 1651 1708 iteratur,
1698 1673 1778 1701 non
1813 1665 1942 1702 totum
1977 1657 2049 1701 sed
2082 1657 2214 1716 aliqua
2248 1665 2407 1702 tantum
2441 1673 2491 1701 ex
2525 1665 2640 1715 parte

670 1738 710 1781 in
760 1738 1106 1797 consequentibus
1147 1739 1398 1799 exprimitur,
1437 1739 1502 1790 lV,
1540 1739 1612 1789 64,
1650 1765 1710 1771 —
1745 1736 1793 1782 ἐκ
1827 1737 1873 1781 δὲ
1908 1741 1997 1782 τῶν
2030 1740 2228 1793 χαλινῶν
2261 1742 2338 1782 τοῦ
2370 1737 2527 1790 ἵππου,
2563 1739 2640 1779 τόν

670 1815 801 1867 αὐτὸς
832 1816 1021 1873 ἐλαύνει,
1057 1818 1105 1862 ἐκ
1138 1822 1290 1863 τούτου
1326 1818 1502 1872 ἐξάπτει
1535 1823 1609 1862 καὶ
1643 1814 1899 1875 ἀγάλλεται.
1955 1819 2303 1880 Exspectabamus
2335 1819 2441 1863 enim
2465 1817 2513 1861 ἐκ
2535 1819 2639 1860 νού-

667 1914 773 1953 των,
808 1899 879 1943 sed
912 1908 1097 1960 prompta
1130 1900 1204 1945 fuit
1236 1901 1421 1961 scriptori
1455 1901 1553 1944 haec
1589 1899 1852 1959 permutatio,
1887 1916 1993 1951 nam,
2030 1908 2075 1946 ut
2108 1900 2180 1946 ΚΓ.
2212 1899 2503 1951 animadvertit,
2529 1896 2638 1959 quod

668 1980 718 2025 de
767 1980 881 2025 freno
928 1982 1021 2040 equi
1070 1982 1344 2041 suspenditur,
1397 1982 1434 2024 id
1485 1982 1604 2024 etiam
1654 1981 1704 2024 de
1752 1995 1857 2040 equo
1907 1982 1994 2042 ipso
2042 1982 2225 2042 pendeat,
2270 1995 2435 2025 necesse
2467 1987 2541 2024 est.
2577 2004 2637 2010 —

667 2061 758 2105 Jam
816 2061 866 2105 ad
927 2062 1190 2121 repetendum
1248 2078 1322 2122 pro
1389 2061 1528 2106 tertiae
1587 2077 1783 2121 personae
1846 2065 2082 2123 pronomine
2143 2063 2357 2107 adhibetur
2414 2075 2635 2121 pronomen

669 2143 880 2203 personale
930 2143 1131 2188 secundae
1180 2158 1391 2204 personae,
1451 2143 1532 2194 Vll,
1588 2146 1652 2194 10,
1708 2146 1747 2193 8,
1784 2139 2068 2188 ἀκούσεσθαί
2096 2144 2192 2189 τινά
2225 2161 2343 2202 φημι
2387 2170 2429 2177 —
2463 2170 2523 2176 ——
2559 2169 2634 2195 —,

666 2223 938 2281 Μαρδόνιον
986 2250 1049 2256 --
1100 2250 1161 2256 —
1211 2250 1270 2256 -—
1319 2223 1407 2266 ὕπο*
1457 2227 1607 2266 κυνῶν
1656 2239 1695 2265 τε
1739 2228 1814 2266 καὶ
1856 2220 2457 2283 ὃρνίθωνδιαφορευμένον
2492 2221 2519 2281 ἦ
2552 2237 2635 2266 κου

668 2302 716 2345 ἐν
764 2308 824 2360 γῇ
876 2307 926 2360 τῇ
969 2300 1227 2360 Ἀθηναίων
1278 2304 1305 2360 ἢ
1354 2312 1405 2347 σε
1452 2320 1502 2360 γε
1554 2304 1600 2346 ἐν
1633 2308 1683 2361 τῇ
1715 2304 2105 2359 Λακεδαιμονίων.
2161 2306 2338 2349 Exordio
2370 2306 2497 2365 magis
2530 2318 2635 2347 con-

665 2391 906 2429 sentaneum
940 2384 1084 2429 fuisset
1118 2388 1194 2428 τόν
1228 2399 1307 2441 γε;
1349 2385 1458 2445 quod
1492 2385 1655 2445 quidem
1688 2384 1957 2429 anacoluthon
1990 2401 2040 2429 ex
2074 2401 2121 2430 eo
2154 2386 2301 2445 optime
2333 2386 2522 2446 explicari
2556 2401 2634 2445 po·

665 2472 754 2514 test,
798 2466 908 2524 quod
954 2464 1184 2509 Herodotus
1228 2466 1357 2515 finxit,
1396 2468 1651 2511 Artabanum
1685 2462 1734 2509 a'd
1769 2465 2022 2510 Mardonium
2058 2481 2148 2511 sese
2180 2467 2429 2511 convertisse
2462 2481 2636 2526 eumque

771 2622 805 2667 ⁸)
834 2620 934 2657 Hanc
975 2620 1175 2668 legitimam
1216 2624 1458 2671 epanalepsin,
1503 2637 1610 2672 quam
1645 2629 1747 2662 extra
1780 2625 1869 2661 fines
1903 2626 2008 2673 hujus
2042 2624 2349 2662 commentationis
2374 2628 2429 2660 est
2457 2624 2634 2672 persequi,

663 2684 841 2732 copiosius
867 2684 1035 2720 tractavit
1063 2683 1253 2721 Wendtius
1279 2687 1316 2722 in
1343 2688 1463 2735 priore
1490 2692 1592 2736 parte
1621 2688 1732 2725 libelli
1756 2692 1832 2736 jam
1859 2689 1999 2739 saepius
2027 2689 2174 2725 laudati.

771 2748 806 2790 ¹)
834 2746 942 2793 Apud
982 2745 1189 2782 Ciceronem
1230 2761 1373 2796 quoque
1406 2754 1549 2786 exstant
1583 2752 1774 2788 abnormes
1800 2752 2041 2800 epanalepses,
2070 2753 2173 2789 verr.
2201 2752 2280 2788 Aet.
2308 2751 2337 2794 I,
2371 2750 2428 2795 ⁴8,
2458 2749 2521 2793 53,
2551 2751 2636 2789 Non

656 2809 792 2854 patiar
832 2820 907 2844 rem
947 2809 989 2844 in
1031 2809 1071 2844 id
1112 2813 1250 2855 temp-us
1284 2812 1382 2855 duci,
1415 2817 1458 2849 ut
1495 2814 1626 2857 Siculi,
1662 2826 1752 2859 quos
1778 2815 1899 2851 adhuc
1924 2816 2020 2851 servi
2047 2816 2318 2861 desiynatorum
2345 2815 2532 2851 consulum
2561 2824 2636 2851 non

662 2874 867 2915 moverunt,
911 2893 958 2899 -—
1002 2893 1051 2900 —
1089 2894 1152 2917 —‚
1186 2885 1243 2911 eos
1278 2878 1352 2911 tum
1389 2877 1531 2914 lictores
1563 2878 1753 2914 consulum
1780 2880 1911 2915 vocent.
1939 2877 1983 2913 de
2010 2878 2100 2924 Rep.
2128 2879 2173 2920 11,
2201 2877 2238 2921 2,
2267 2877 2304 2921 4,
2338 2878 2442 2925 Quod
2465 2878 2637 2914 habemus

662 2937 796 2982 igitur,
835 2936 973 2982 inquit,
1013 2936 1207 2975 institutae
1246 2939 1465 2985 reipublicae
1499 2944 1572 2978 tam
1606 2942 1748 2978 clarum
1782 2955 1826 2979 ac
1854 2946 1928 2979 tam
1954 2943 2121 2979 omnibus
2146 2946 2272 2978 notum
2298 2943 2498 2985 exordium,
2525 2952 2633 2986 quam

662 2999 777 3043 hujus
813 2999 919 3034 urbis
959 2999 1170 3035 condendae
1203 3002 1435 3047 principium
1468 3005 1676 3051 profectum
1717 3016 1741 3041 a
1767 3005 1948 3043 Romulo?
1974 3005 2040 3052 qui
2059 3007 2170 3051 patre
2197 3004 2323 3042 Marte
2349 3007 2480 3049 natvm,-
2509 3027 2550 3032 -—
2585 3027 2633 3033 ——

663 3085 715 3091 —
753 3086 806 3091 —
838 3064 872 3099 is
903 3063 1034 3109 (fitur,
1064 3067 1106 3100 ut
1132 3068 1247 3101 natus
1271 3066 1322 3102 sit
1347 3077 1426 3102 eum
1454 3068 1565 3104 Remo
1582 3069 1723 3111 fratre,
1751 3069 1889 3104 dicitur
1915 3069 1961 3103 ab
1989 3069 2138 3103 Amulio
2164 3089 2216 3096 —-
2242 3088 2289 3093 —
2319 3087 2369 3098 -ω
2396 3069 2448 3103 ad
2477 3069 2633 3102 Tiberim

663 3126 797 3172 exponi
815 3126 950 3171 jussus
977 3134 1061 3162 esse.
