<?xml version="1.0" encoding="UTF-8"?>
<!DOCTYPE html PUBLIC "-//W3C//DTD XHTML 1.0 Transitional//EN"
    "http://www.w3.org/TR/xhtml1/DTD/xhtml1-transitional.dtd">
<html xmlns="http://www.w3.org/1999/xhtml" xml:lang="en" lang="en">
 <head>
  <title>
</title>
<meta http-equiv="Content-Type" content="text/html;charset=utf-8" />
  <meta name='ocr-system' content='tesseract 3.04.00' />
  <meta name='ocr-capabilities' content='ocr_page ocr_carea ocr_par ocr_line ocrx_word'/>
</head>
<body>
  <div class='ocr_page' id='page_1' title='image "./4771381_0070.png"; bbox 0 0 2941 3765; ppageno 0'>
   <div class='ocr_carea' id='block_1_1' title="bbox 685 312 1828 362">
    <p class='ocr_par' dir='ltr' id='par_1_1' title="bbox 685 312 1828 362">
     <span class='ocr_line' id='line_1_1' title="bbox 685 312 1828 362; baseline 0.007 -9"><span class='ocrx_word' id='word_1_1' title='bbox 685 312 743 353; x_wconf 83' lang='lat'>58</span> <span class='ocrx_word' id='word_1_2' title='bbox 1519 327 1552 360; x_wconf 92' lang='lat' dir='ltr'>S.</span> <span class='ocrx_word' id='word_1_3' title='bbox 1579 327 1616 360; x_wconf 79' lang='lat' dir='ltr'>E.</span> <span class='ocrx_word' id='word_1_4' title='bbox 1641 327 1828 362; x_wconf 83' lang='lat' dir='ltr'>Melander.</span> 
     </span>
    </p>
   </div>
   <div class='ocr_carea' id='block_1_2' title="bbox 681 431 2696 3148">
    <p class='ocr_par' dir='ltr' id='par_1_2' title="bbox 681 431 2696 2181">
     <span class='ocr_line' id='line_1_2' title="bbox 683 431 2653 491; baseline -0.003 -13"><span class='ocrx_word' id='word_1_5' title='bbox 683 431 775 478; x_wconf 67' lang='grc' dir='ltr'>εἶδέ</span> <span class='ocrx_word' id='word_1_6' title='bbox 817 449 885 476; x_wconf 84' lang='grc' dir='ltr'>κω</span> <span class='ocrx_word' id='word_1_7' title='bbox 930 435 1007 490; x_wconf 73' lang='grc' dir='ltr'>τήν</span> <span class='ocrx_word' id='word_1_8' title='bbox 1039 431 1307 488; x_wconf 75' lang='grc' dir='ltr'><strong><em>καννάβιὸα.</em></strong></span> <span class='ocrx_word' id='word_1_9' title='bbox 1379 433 1427 485; x_wconf 91' lang='lat' dir='ltr'>V,</span> <span class='ocrx_word' id='word_1_10' title='bbox 1468 434 1539 485; x_wconf 76' lang='lat'>49,</span> <span class='ocrx_word' id='word_1_11' title='bbox 1576 434 1777 491; x_wconf 71' lang='grc' dir='ltr'><strong><em>σπουδήν</em></strong></span> <span class='ocrx_word' id='word_1_12' title='bbox 1809 437 1895 489; x_wconf 64' lang='grc' dir='ltr'>μὲν</span> <span class='ocrx_word' id='word_1_13' title='bbox 1927 436 2005 489; x_wconf 74' lang='grc' dir='ltr'>τήν</span> <span class='ocrx_word' id='word_1_14' title='bbox 2038 431 2155 488; x_wconf 72' lang='grc' dir='ltr'><strong><em>ἐμήν</em></strong></span> <span class='ocrx_word' id='word_1_15' title='bbox 2186 433 2255 487; x_wconf 75' lang='grc' dir='ltr'>μή</span> <span class='ocrx_word' id='word_1_16' title='bbox 2290 432 2544 487; x_wconf 77' lang='grc' dir='ltr'><strong><em>θωυμάσῃς</em></strong></span> <span class='ocrx_word' id='word_1_17' title='bbox 2575 434 2653 487; x_wconf 86' lang='grc' dir='ltr'>τῆς</span> 
     </span>
     <span class='ocr_line' id='line_1_3' title="bbox 686 508 2650 572; baseline -0.001 -16"><span class='ocrx_word' id='word_1_18' title='bbox 686 511 885 557; x_wconf 77' lang='grc' dir='ltr'><strong><em>ἐνθαῦτα</em></strong></span> <span class='ocrx_word' id='word_1_19' title='bbox 918 508 1107 565; x_wconf 72' lang='grc' dir='ltr'><strong><em>ἀπίξιος.</em></strong></span> <span class='ocrx_word' id='word_1_20' title='bbox 1175 512 1232 564; x_wconf 87' lang='lat' dir='ltr'>ld,</span> <span class='ocrx_word' id='word_1_21' title='bbox 1268 512 1377 572; x_wconf 88' lang='lat' dir='ltr'>quod</span> <span class='ocrx_word' id='word_1_22' title='bbox 1409 514 1502 559; x_wconf 87' lang='lat' dir='ltr'>huic</span> <span class='ocrx_word' id='word_1_23' title='bbox 1535 514 1687 559; x_wconf 91' lang='lat' dir='ltr'>monito</span> <span class='ocrx_word' id='word_1_24' title='bbox 1720 513 1947 572; x_wconf 75' lang='lat' dir='ltr'>respondet,</span> <span class='ocrx_word' id='word_1_25' title='bbox 1982 512 2212 557; x_wconf 73' lang='lat' dir='ltr'>wiltiiletur</span> <span class='ocrx_word' id='word_1_26' title='bbox 2244 512 2284 555; x_wconf 93' lang='lat' dir='ltr'>in</span> <span class='ocrx_word' id='word_1_27' title='bbox 2307 511 2367 562; x_wconf 90' lang='lat' dir='ltr'>iis,</span> <span class='ocrx_word' id='word_1_28' title='bbox 2392 526 2497 570; x_wconf 85' lang='lat' dir='ltr'>quae</span> <span class='ocrx_word' id='word_1_29' title='bbox 2517 510 2650 570; x_wconf 74' lang='lat' dir='ltr'>paullo</span> 
     </span>
     <span class='ocr_line' id='line_1_4' title="bbox 682 588 2650 653; baseline -0.002 -16"><span class='ocrx_word' id='word_1_30' title='bbox 682 593 788 637; x_wconf 80' lang='lat' dir='ltr'>infra</span> <span class='ocrx_word' id='word_1_31' title='bbox 837 593 1028 653; x_wconf 78' lang='lat' dir='ltr'>leguntur</span> <span class='ocrx_word' id='word_1_32' title='bbox 1069 595 1147 635; x_wconf 86' lang='grc' dir='ltr'>νῦν</span> <span class='ocrx_word' id='word_1_33' title='bbox 1190 588 1256 635; x_wconf 79' lang='grc' dir='ltr'>ιῦν</span> <span class='ocrx_word' id='word_1_34' title='bbox 1290 594 1403 651; x_wconf 76' lang='grc' dir='ltr'><strong><em>προς</em></strong></span> <span class='ocrx_word' id='word_1_35' title='bbox 1437 595 1564 637; x_wconf 77' lang='grc' dir='ltr'><strong><em>θεῶν</em></strong></span> <span class='ocrx_word' id='word_1_36' title='bbox 1596 597 1684 638; x_wconf 78' lang='grc' dir='ltr'>τῶν</span> <span class='ocrx_word' id='word_1_37' title='bbox 1711 592 1956 652; x_wconf 76' lang='grc' dir='ltr'><em>Ἑλληνίων</em></span> <span class='ocrx_word' id='word_1_38' title='bbox 1989 592 2193 651; x_wconf 75' lang='grc' dir='ltr'><em>ῥύσασθε</em></span> <span class='ocrx_word' id='word_1_39' title='bbox 2215 588 2372 641; x_wconf 82' lang='grc' dir='ltr'><strong><em>Ἴωνας</em></strong></span> <span class='ocrx_word' id='word_1_40' title='bbox 2403 588 2452 634; x_wconf 78' lang='grc' dir='ltr'>ἐκ</span> <span class='ocrx_word' id='word_1_41' title='bbox 2484 589 2650 635; x_wconf 87' lang='grc' dir='ltr'><strong><em>δουλο-</em></strong></span> 
     </span>
     <span class='ocr_line' id='line_1_5' title="bbox 684 667 2651 734; baseline -0.001 -18"><span class='ocrx_word' id='word_1_42' title='bbox 684 675 830 730; x_wconf 69' lang='grc' dir='ltr'><strong><em>σιΐνης.</em></strong></span> <span class='ocrx_word' id='word_1_43' title='bbox 897 676 944 725; x_wconf 81' lang='lat' dir='ltr'>V,</span> <span class='ocrx_word' id='word_1_44' title='bbox 998 678 1070 723; x_wconf 86' lang='lat'>98,</span> <span class='ocrx_word' id='word_1_45' title='bbox 1115 670 1433 731; x_wconf 76' lang='grc' dir='ltr'><strong><em>Ἀρισταγόρης</em></strong></span> <span class='ocrx_word' id='word_1_46' title='bbox 1480 701 1543 706; x_wconf 90' lang='grc'>-</span> <span class='ocrx_word' id='word_1_47' title='bbox 1577 701 1652 729; x_wconf 82' lang='grc'>-,</span> <span class='ocrx_word' id='word_1_48' title='bbox 1687 675 1878 734; x_wconf 76' lang='grc' dir='ltr'><strong><em>ε’ξευριόν</em></strong></span> <span class='ocrx_word' id='word_1_49' title='bbox 1909 675 2160 731; x_wconf 76' lang='grc' dir='ltr'><strong><em>βούλευμα,</em></strong></span> <span class='ocrx_word' id='word_1_50' title='bbox 2195 669 2257 715; x_wconf 80' lang='grc' dir='ltr'>ἆπ</span> <span class='ocrx_word' id='word_1_51' title='bbox 2285 669 2299 686; x_wconf 82' lang='lat'>²</span> <span class='ocrx_word' id='word_1_52' title='bbox 2333 667 2386 716; x_wconf 79' lang='grc' dir='ltr'>οὗ</span> <span class='ocrx_word' id='word_1_53' title='bbox 2407 670 2530 714; x_wconf 86' lang='grc' dir='ltr'><strong><em>Ἴωσι</em></strong></span> <span class='ocrx_word' id='word_1_54' title='bbox 2562 674 2651 727; x_wconf 72' lang='grc' dir='ltr'>μὲν</span> 
     </span>
     <span class='ocr_line' id='line_1_6' title="bbox 684 749 2650 811; baseline -0.002 -12"><span class='ocrx_word' id='word_1_55' title='bbox 684 751 876 809; x_wconf 73' lang='grc' dir='ltr'><strong><em>οὐδεμία</em></strong></span> <span class='ocrx_word' id='word_1_56' title='bbox 908 755 1072 811; x_wconf 62' lang='grc' dir='ltr'><strong><em>ἔμελλε·</em></strong></span> <span class='ocrx_word' id='word_1_57' title='bbox 1106 750 1303 810; x_wconf 78' lang='grc' dir='ltr'><strong><em>ιῦφελείη</em></strong></span> <span class='ocrx_word' id='word_1_58' title='bbox 1339 754 1528 799; x_wconf 75' lang='grc' dir='ltr'><strong><em>ἔσεσθαι</em></strong></span> <span class='ocrx_word' id='word_1_59' title='bbox 1552 753 1678 811; x_wconf 75' lang='grc' dir='ltr'><strong><em>(οὔδ’</em></strong></span> <span class='ocrx_word' id='word_1_60' title='bbox 1700 753 1765 799; x_wconf 81' lang='grc' dir='ltr'>(ὗν</span> <span class='ocrx_word' id='word_1_61' title='bbox 1788 752 1887 799; x_wconf 62' lang='grc' dir='ltr'>οὐδὲ</span> <span class='ocrx_word' id='word_1_62' title='bbox 1913 757 2065 797; x_wconf 77' lang='grc' dir='ltr'><strong><em>τούτου</em></strong></span> <span class='ocrx_word' id='word_1_63' title='bbox 2090 752 2258 796; x_wconf 79' lang='grc' dir='ltr'><strong><em>εἵνεκεν</em></strong></span> <span class='ocrx_word' id='word_1_64' title='bbox 2279 753 2437 807; x_wconf 82' lang='grc' dir='ltr'><strong><em>ἐποίεε,</em></strong></span> <span class='ocrx_word' id='word_1_65' title='bbox 2461 749 2574 797; x_wconf 69' lang='grc' dir='ltr'><em>ἀλλ’</em></span> <span class='ocrx_word' id='word_1_66' title='bbox 2596 749 2650 796; x_wconf 80' lang='grc' dir='ltr'>ὅ-</span> 
     </span>
     <span class='ocr_line' id='line_1_7' title="bbox 681 831 2649 894; baseline -0.001 -14"><span class='ocrx_word' id='word_1_67' title='bbox 681 852 773 885; x_wconf 81' lang='grc' dir='ltr'>κως</span> <span class='ocrx_word' id='word_1_68' title='bbox 804 837 997 893; x_wconf 86' lang='grc' dir='ltr'><strong><em>βασιλέα</em></strong></span> <span class='ocrx_word' id='word_1_69' title='bbox 1032 839 1227 893; x_wconf 85' lang='grc' dir='ltr'><strong><em>Δαρεῖον</em></strong></span> <span class='ocrx_word' id='word_1_70' title='bbox 1260 835 1508 893; x_wconf 76' lang='grc' dir='ltr'><strong><em>λυπήσειε),</em></strong></span> <span class='ocrx_word' id='word_1_71' title='bbox 1543 836 1720 894; x_wconf 79' lang='grc' dir='ltr'><strong><em>ἔπεμψε</em></strong></span> <span class='ocrx_word' id='word_1_72' title='bbox 1754 864 1828 880; x_wconf 88' lang='grc'>-.</span> <span class='ocrx_word' id='word_1_73' title='bbox 1862 834 2121 880; x_wconf 75' lang='lat' dir='ltr'>Contrarium</span> <span class='ocrx_word' id='word_1_74' title='bbox 2161 834 2264 880; x_wconf 84' lang='lat' dir='ltr'>iliius</span> <span class='ocrx_word' id='word_1_75' title='bbox 2293 832 2414 878; x_wconf 83' lang='grc' dir='ltr'><strong><em>Ἴωσι</em></strong></span> <span class='ocrx_word' id='word_1_76' title='bbox 2444 838 2530 890; x_wconf 77' lang='grc' dir='ltr'>μὲν</span> <span class='ocrx_word' id='word_1_77' title='bbox 2553 831 2649 878; x_wconf 70' lang='grc' dir='ltr'>οἰδ.</span> 
     </span>
     <span class='ocr_line' id='line_1_8' title="bbox 684 911 2651 976; baseline 0 -17"><span class='ocrx_word' id='word_1_78' title='bbox 684 912 894 974; x_wconf 74' lang='grc' dir='ltr'>ὠφελείη,</span> <span class='ocrx_word' id='word_1_79' title='bbox 927 916 1037 976; x_wconf 89' lang='lat' dir='ltr'>quod</span> <span class='ocrx_word' id='word_1_80' title='bbox 1070 932 1160 960; x_wconf 80' lang='lat' dir='ltr'>esse</span> <span class='ocrx_word' id='word_1_81' title='bbox 1192 916 1279 961; x_wconf 83' lang='lat' dir='ltr'>vult</span> <span class='ocrx_word' id='word_1_82' title='bbox 1311 916 1373 960; x_wconf 85' lang='lat' dir='ltr'>St.</span> <span class='ocrx_word' id='word_1_83' title='bbox 1409 920 1470 975; x_wconf 80' lang='grc' dir='ltr'>τῳ</span> <span class='ocrx_word' id='word_1_84' title='bbox 1506 917 1551 961; x_wconf 75' lang='grc' dir='ltr'>δὲ</span> <span class='ocrx_word' id='word_1_85' title='bbox 1584 919 1762 973; x_wconf 80' lang='grc' dir='ltr'><strong><em>βασιλέι</em></strong></span> <span class='ocrx_word' id='word_1_86' title='bbox 1788 922 1971 973; x_wconf 82' lang='grc' dir='ltr'><strong><em>Δαρείῳ</em></strong></span> <span class='ocrx_word' id='word_1_87' title='bbox 1995 917 2128 972; x_wconf 85' lang='grc' dir='ltr'><strong><em>λύπη,</em></strong></span> <span class='ocrx_word' id='word_1_88' title='bbox 2153 922 2358 974; x_wconf 84' lang='lat' dir='ltr'>repetatur</span> <span class='ocrx_word' id='word_1_89' title='bbox 2380 930 2430 959; x_wconf 89' lang='lat' dir='ltr'>ex</span> <span class='ocrx_word' id='word_1_90' title='bbox 2454 911 2541 958; x_wconf 75' lang='grc' dir='ltr'><strong><em>α’λλ</em></strong></span> <span class='ocrx_word' id='word_1_91' title='bbox 2559 912 2574 930; x_wconf 85' lang='lat'><em>&#39;</em></span> <span class='ocrx_word' id='word_1_92' title='bbox 2598 912 2651 959; x_wconf 82' lang='grc' dir='ltr'>ὅ·</span> 
     </span>
     <span class='ocr_line' id='line_1_9' title="bbox 683 991 2642 1057; baseline 0.001 -18"><span class='ocrx_word' id='word_1_93' title='bbox 683 1012 776 1045; x_wconf 84' lang='grc' dir='ltr'>κως</span> <span class='ocrx_word' id='word_1_94' title='bbox 827 1023 883 1028; x_wconf 92' lang='lat'>——</span> <span class='ocrx_word' id='word_1_95' title='bbox 934 1024 1010 1050; x_wconf 84' lang='lat'>—,</span> <span class='ocrx_word' id='word_1_96' title='bbox 1060 997 1168 1056; x_wconf 84' lang='lat' dir='ltr'>quod</span> <span class='ocrx_word' id='word_1_97' title='bbox 1222 996 1438 1057; x_wconf 80' lang='lat' dir='ltr'>respondet</span> <span class='ocrx_word' id='word_1_98' title='bbox 1490 997 1736 1041; x_wconf 78' lang='lat' dir='ltr'>antecedenti</span> <span class='ocrx_word' id='word_1_99' title='bbox 1778 992 1883 1040; x_wconf 71' lang='grc' dir='ltr'>οὔδ’</span> <span class='ocrx_word' id='word_1_100' title='bbox 1917 991 1982 1040; x_wconf 80' lang='grc' dir='ltr'>(ὄν</span> <span class='ocrx_word' id='word_1_101' title='bbox 2015 1021 2076 1027; x_wconf 93' lang='grc'>-</span> <span class='ocrx_word' id='word_1_102' title='bbox 2111 1019 2168 1027; x_wconf 88' lang='lat'>——</span> <span class='ocrx_word' id='word_1_103' title='bbox 2204 994 2362 1039; x_wconf 77' lang='grc' dir='ltr'><strong><em>ἐποίεε.</em></strong></span> <span class='ocrx_word' id='word_1_104' title='bbox 2431 996 2531 1048; x_wconf 91' lang='lat' dir='ltr'>Vlll,</span> <span class='ocrx_word' id='word_1_105' title='bbox 2569 999 2642 1049; x_wconf 88' lang='lat'>60,</span> 
     </span>
     <span class='ocr_line' id='line_1_10' title="bbox 688 1074 2649 1135; baseline 0.001 -16"><span class='ocrx_word' id='word_1_106' title='bbox 688 1077 795 1120; x_wconf 81' lang='grc' dir='ltr'><strong><em>Τότε·</em></strong></span> <span class='ocrx_word' id='word_1_107' title='bbox 837 1081 924 1132; x_wconf 74' lang='grc' dir='ltr'>μὲν</span> <span class='ocrx_word' id='word_1_108' title='bbox 966 1074 1110 1134; x_wconf 78' lang='grc' dir='ltr'><strong><em>ἠπίως</em></strong></span> <span class='ocrx_word' id='word_1_109' title='bbox 1150 1079 1264 1134; x_wconf 75' lang='grc' dir='ltr'><strong><em>πρὸς</em></strong></span> <span class='ocrx_word' id='word_1_110' title='bbox 1295 1080 1371 1119; x_wconf 74' lang='grc' dir='ltr'>τὸν</span> <span class='ocrx_word' id='word_1_111' title='bbox 1407 1081 1659 1134; x_wconf 72' lang='grc' dir='ltr'><strong><em>Κορίνθιον</em></strong></span> <span class='ocrx_word' id='word_1_112' title='bbox 1691 1074 1919 1133; x_wconf 71' lang='grc' dir='ltr'><strong><em>ἀμείψατο</em></strong></span> <span class='ocrx_word' id='word_1_113' title='bbox 1956 1102 2012 1107; x_wconf 92' lang='lat'>—</span> <span class='ocrx_word' id='word_1_114' title='bbox 2049 1101 2123 1118; x_wconf 89' lang='lat'>—.</span> <span class='ocrx_word' id='word_1_115' title='bbox 2158 1075 2352 1135; x_wconf 74' lang='lat' dir='ltr'>Sequitur</span> <span class='ocrx_word' id='word_1_116' title='bbox 2384 1084 2519 1121; x_wconf 87' lang='lat' dir='ltr'>autem</span> <span class='ocrx_word' id='word_1_117' title='bbox 2554 1077 2649 1121; x_wconf 88' lang='lat' dir='ltr'>lon-</span> 
     </span>
     <span class='ocr_line' id='line_1_11' title="bbox 682 1156 2651 1217; baseline 0.001 -17"><span class='ocrx_word' id='word_1_118' title='bbox 682 1157 771 1217; x_wconf 84' lang='lat' dir='ltr'>gior</span> <span class='ocrx_word' id='word_1_119' title='bbox 808 1159 937 1203; x_wconf 83' lang='lat' dir='ltr'>oratio</span> <span class='ocrx_word' id='word_1_120' title='bbox 978 1167 1100 1210; x_wconf 83' lang='lat' dir='ltr'>recta,</span> <span class='ocrx_word' id='word_1_121' title='bbox 1148 1173 1230 1217; x_wconf 85' lang='lat' dir='ltr'>quo</span> <span class='ocrx_word' id='word_1_122' title='bbox 1264 1158 1415 1202; x_wconf 79' lang='lat' dir='ltr'>factum</span> <span class='ocrx_word' id='word_1_123' title='bbox 1449 1165 1521 1208; x_wconf 81' lang='lat' dir='ltr'>est,</span> <span class='ocrx_word' id='word_1_124' title='bbox 1559 1165 1603 1202; x_wconf 92' lang='lat' dir='ltr'>ut</span> <span class='ocrx_word' id='word_1_125' title='bbox 1636 1158 1757 1216; x_wconf 82' lang='lat' dir='ltr'>hujus</span> <span class='ocrx_word' id='word_1_126' title='bbox 1790 1157 1959 1201; x_wconf 80' lang='lat' dir='ltr'>membri</span> <span class='ocrx_word' id='word_1_127' title='bbox 1993 1156 2242 1201; x_wconf 85' lang='lat' dir='ltr'>contrarium</span> <span class='ocrx_word' id='word_1_128' title='bbox 2275 1156 2316 1200; x_wconf 88' lang='lat' dir='ltr'>in</span> <span class='ocrx_word' id='word_1_129' title='bbox 2350 1157 2436 1217; x_wconf 87' lang='lat' dir='ltr'>ipsa</span> <span class='ocrx_word' id='word_1_130' title='bbox 2469 1158 2651 1203; x_wconf 87' lang='lat' dir='ltr'>oratione</span> 
     </span>
     <span class='ocr_line' id='line_1_12' title="bbox 683 1237 2643 1298; baseline 0.001 -17"><span class='ocrx_word' id='word_1_131' title='bbox 683 1239 820 1283; x_wconf 89' lang='lat' dir='ltr'>minus</span> <span class='ocrx_word' id='word_1_132' title='bbox 869 1239 1056 1283; x_wconf 86' lang='lat' dir='ltr'>distinete</span> <span class='ocrx_word' id='word_1_133' title='bbox 1104 1239 1296 1292; x_wconf 82' lang='lat' dir='ltr'>exsistat3</span> <span class='ocrx_word' id='word_1_134' title='bbox 1340 1252 1432 1281; x_wconf 90' lang='lat' dir='ltr'>nam</span> <span class='ocrx_word' id='word_1_135' title='bbox 1483 1238 1534 1287; x_wconf 88' lang='lat' dir='ltr'>id,</span> <span class='ocrx_word' id='word_1_136' title='bbox 1574 1237 1683 1296; x_wconf 83' lang='lat' dir='ltr'>quod</span> <span class='ocrx_word' id='word_1_137' title='bbox 1719 1252 1812 1281; x_wconf 87' lang='lat' dir='ltr'>vere</span> <span class='ocrx_word' id='word_1_138' title='bbox 1844 1244 1905 1280; x_wconf 87' lang='lat' dir='ltr'>est</span> <span class='ocrx_word' id='word_1_139' title='bbox 1938 1237 2198 1288; x_wconf 87' lang='lat' dir='ltr'>eontrarium,</span> <span class='ocrx_word' id='word_1_140' title='bbox 2233 1237 2361 1298; x_wconf 88' lang='lat' dir='ltr'>capite</span> <span class='ocrx_word' id='word_1_141' title='bbox 2393 1238 2555 1282; x_wconf 90' lang='lat' dir='ltr'>demum</span> <span class='ocrx_word' id='word_1_142' title='bbox 2590 1241 2643 1282; x_wconf 81' lang='grc'>61</span> 
     </span>
     <span class='ocr_line' id='line_1_13' title="bbox 685 1316 2652 1373; baseline -0.001 -11"><span class='ocrx_word' id='word_1_143' title='bbox 685 1319 916 1363; x_wconf 87' lang='lat' dir='ltr'>continetur</span> <span class='ocrx_word' id='word_1_144' title='bbox 964 1322 1059 1361; x_wconf 85' lang='grc' dir='ltr'><strong><em>τότε</em></strong></span> <span class='ocrx_word' id='word_1_145' title='bbox 1112 1319 1167 1373; x_wconf 72' lang='grc' dir='ltr'>δή</span> <span class='ocrx_word' id='word_1_146' title='bbox 1218 1316 1244 1359; x_wconf 77' lang='grc' dir='ltr'>ὁ</span> <span class='ocrx_word' id='word_1_147' title='bbox 1287 1320 1615 1373; x_wconf 72' lang='grc' dir='ltr'><strong><em>Θε,ιιιο·τοκλέης</em></strong></span> <span class='ocrx_word' id='word_1_148' title='bbox 1658 1317 1826 1359; x_wconf 75' lang='grc' dir='ltr'><strong><em>ἐκεῖνόν</em></strong></span> <span class='ocrx_word' id='word_1_149' title='bbox 1871 1333 1912 1359; x_wconf 86' lang='grc' dir='ltr'>τε</span> <span class='ocrx_word' id='word_1_150' title='bbox 1954 1321 2029 1359; x_wconf 79' lang='grc' dir='ltr'>καὶ</span> <span class='ocrx_word' id='word_1_151' title='bbox 2061 1318 2160 1364; x_wconf 80' lang='grc' dir='ltr'>τούς</span> <span class='ocrx_word' id='word_1_152' title='bbox 2196 1319 2469 1373; x_wconf 68' lang='grc' dir='ltr'><strong><em>Κορινθίους</em></strong></span> <span class='ocrx_word' id='word_1_153' title='bbox 2500 1319 2652 1361; x_wconf 77' lang='grc' dir='ltr'><strong><em>πολλά</em></strong></span> 
     </span>
     <span class='ocr_line' id='line_1_14' title="bbox 685 1396 2649 1456; baseline 0.001 -14"><span class='ocrx_word' id='word_1_154' title='bbox 685 1414 728 1442; x_wconf 79' lang='grc' dir='ltr'>τε</span> <span class='ocrx_word' id='word_1_155' title='bbox 772 1403 846 1443; x_wconf 85' lang='grc' dir='ltr'>καὶ</span> <span class='ocrx_word' id='word_1_156' title='bbox 879 1402 998 1443; x_wconf 71' lang='grc' dir='ltr'><strong><em>κακὰ</em></strong></span> <span class='ocrx_word' id='word_1_157' title='bbox 1031 1398 1174 1456; x_wconf 79' lang='grc' dir='ltr'>ἔλεγε,</span> <span class='ocrx_word' id='word_1_158' title='bbox 1208 1397 1277 1442; x_wconf 92' lang='lat' dir='ltr'>ubi</span> <span class='ocrx_word' id='word_1_159' title='bbox 1311 1396 1621 1441; x_wconf 82' lang='lat' dir='ltr'>Valckenaerius</span> <span class='ocrx_word' id='word_1_160' title='bbox 1653 1397 1857 1441; x_wconf 83' lang='lat' dir='ltr'>codicibus</span> <span class='ocrx_word' id='word_1_161' title='bbox 1890 1396 2024 1441; x_wconf 88' lang='lat' dir='ltr'>invitis</span> <span class='ocrx_word' id='word_1_162' title='bbox 2058 1397 2179 1440; x_wconf 88' lang='lat' dir='ltr'>scribi</span> <span class='ocrx_word' id='word_1_163' title='bbox 2207 1398 2329 1456; x_wconf 86' lang='lat' dir='ltr'>jussit</span> <span class='ocrx_word' id='word_1_164' title='bbox 2361 1401 2455 1442; x_wconf 84' lang='grc' dir='ltr'><strong><em>τότε</em></strong></span> <span class='ocrx_word' id='word_1_165' title='bbox 2498 1400 2544 1442; x_wconf 78' lang='grc' dir='ltr'>δὲ</span> <span class='ocrx_word' id='word_1_166' title='bbox 2578 1400 2649 1456; x_wconf 78' lang='grc' dir='ltr'>δή.</span> 
     </span>
     <span class='ocr_line' id='line_1_15' title="bbox 686 1472 2654 1538; baseline -0.001 -15"><span class='ocrx_word' id='word_1_167' title='bbox 686 1479 788 1531; x_wconf 87' lang='lat' dir='ltr'>Vlll,</span> <span class='ocrx_word' id='word_1_168' title='bbox 836 1480 909 1530; x_wconf 83' lang='lat'>70,</span> <span class='ocrx_word' id='word_1_169' title='bbox 955 1475 1190 1538; x_wconf 68' lang='grc' dir='ltr'><strong><em>ἀρρώδεον</em></strong></span> <span class='ocrx_word' id='word_1_170' title='bbox 1224 1476 1285 1531; x_wconf 73' lang='grc' dir='ltr'>δὲ,</span> <span class='ocrx_word' id='word_1_171' title='bbox 1321 1473 1383 1519; x_wconf 80' lang='grc' dir='ltr'>ὅτι</span> <span class='ocrx_word' id='word_1_172' title='bbox 1420 1472 1539 1520; x_wconf 63' lang='lat' dir='ltr'>mirol</span> <span class='ocrx_word' id='word_1_173' title='bbox 1575 1481 1659 1534; x_wconf 71' lang='grc' dir='ltr'>μὲν</span> <span class='ocrx_word' id='word_1_174' title='bbox 1693 1476 1738 1520; x_wconf 68' lang='grc' dir='ltr'>ἐν</span> <span class='ocrx_word' id='word_1_175' title='bbox 1773 1477 2007 1532; x_wconf 81' lang='grc' dir='ltr'>Σαλαμῖνι</span> <span class='ocrx_word' id='word_1_176' title='bbox 2040 1477 2285 1535; x_wconf 78' lang='grc' dir='ltr'><strong><em>κατήμενοι</em></strong></span> <span class='ocrx_word' id='word_1_177' title='bbox 2320 1476 2429 1536; x_wconf 72' lang='grc' dir='ltr'>ὑπὲρ</span> <span class='ocrx_word' id='word_1_178' title='bbox 2463 1482 2547 1535; x_wconf 81' lang='grc' dir='ltr'>γῆς</span> <span class='ocrx_word' id='word_1_179' title='bbox 2578 1482 2654 1536; x_wconf 80' lang='grc' dir='ltr'>τῆς</span> 
     </span>
     <span class='ocr_line' id='line_1_16' title="bbox 681 1554 2647 1616; baseline 0.001 -15"><span class='ocrx_word' id='word_1_180' title='bbox 681 1554 939 1616; x_wconf 75' lang='grc' dir='ltr'><strong><em>Ἀθηναίων</em></strong></span> <span class='ocrx_word' id='word_1_181' title='bbox 974 1567 1245 1615; x_wconf 31' lang='grc' dir='ltr'><strong><em>νιιυιιιαχέειν</em></strong></span> <span class='ocrx_word' id='word_1_182' title='bbox 1278 1563 1505 1614; x_wconf 77' lang='grc' dir='ltr'><strong><em>μέλλοιεν,</em></strong></span> <span class='ocrx_word' id='word_1_183' title='bbox 1542 1562 1798 1616; x_wconf 68' lang='grc' dir='ltr'><strong><em>νικηθέντες</em></strong></span> <span class='ocrx_word' id='word_1_184' title='bbox 1828 1573 1868 1601; x_wconf 87' lang='grc' dir='ltr'>τε</span> <span class='ocrx_word' id='word_1_185' title='bbox 1905 1557 1951 1599; x_wconf 65' lang='grc' dir='ltr'>ἐν</span> <span class='ocrx_word' id='word_1_186' title='bbox 1986 1557 2110 1616; x_wconf 87' lang='grc' dir='ltr'><strong><em>νήσῳ</em></strong></span> <span class='ocrx_word' id='word_1_187' title='bbox 2147 1554 2527 1614; x_wconf 73' lang='grc' dir='ltr'><strong><em>ἀπολαμφθέντες</em></strong></span> <span class='ocrx_word' id='word_1_188' title='bbox 2558 1575 2647 1602; x_wconf 86' lang='grc' dir='ltr'>πο-</span> 
     </span>
     <span class='ocr_line' id='line_1_17' title="bbox 687 1636 2648 1697; baseline 0.001 -16"><span class='ocrx_word' id='word_1_189' title='bbox 687 1640 1018 1697; x_wconf 78' lang='grc' dir='ltr'><strong><em>λιορκήσονται,</em></strong></span> <span class='ocrx_word' id='word_1_190' title='bbox 1054 1637 1233 1687; x_wconf 66' lang='grc' dir='ltr'><strong><em>ἀπέντες</em></strong></span> <span class='ocrx_word' id='word_1_191' title='bbox 1264 1643 1345 1696; x_wconf 71' lang='grc' dir='ltr'>τήν</span> <span class='ocrx_word' id='word_1_192' title='bbox 1378 1641 1553 1682; x_wconf 69' lang='grc' dir='ltr'><strong><em>ἱωυτιῦν</em></strong></span> <span class='ocrx_word' id='word_1_193' title='bbox 1586 1636 1853 1693; x_wconf 67' lang='grc' dir='ltr'><strong><em>ἀφύλακτον.</em></strong></span> <span class='ocrx_word' id='word_1_194' title='bbox 1920 1639 2038 1682; x_wconf 88' lang='lat' dir='ltr'>Hunc</span> <span class='ocrx_word' id='word_1_195' title='bbox 2072 1639 2202 1683; x_wconf 84' lang='lat' dir='ltr'>locum</span> <span class='ocrx_word' id='word_1_196' title='bbox 2237 1639 2361 1682; x_wconf 88' lang='lat' dir='ltr'>miror</span> <span class='ocrx_word' id='word_1_197' title='bbox 2393 1639 2445 1682; x_wconf 89' lang='lat' dir='ltr'>ab</span> <span class='ocrx_word' id='word_1_198' title='bbox 2478 1640 2648 1683; x_wconf 91' lang='lat' dir='ltr'>editori-</span> 
     </span>
     <span class='ocr_line' id='line_1_18' title="bbox 688 1719 2649 1779; baseline -0.001 -13"><span class='ocrx_word' id='word_1_199' title='bbox 688 1720 768 1767; x_wconf 90' lang='lat' dir='ltr'>bus</span> <span class='ocrx_word' id='word_1_200' title='bbox 808 1720 908 1766; x_wconf 87' lang='lat' dir='ltr'>meis</span> <span class='ocrx_word' id='word_1_201' title='bbox 948 1729 1019 1766; x_wconf 86' lang='lat' dir='ltr'>aut</span> <span class='ocrx_word' id='word_1_202' title='bbox 1054 1720 1383 1779; x_wconf 83' lang='lat' dir='ltr'>praetermissum</span> <span class='ocrx_word' id='word_1_203' title='bbox 1417 1736 1505 1763; x_wconf 81' lang='lat' dir='ltr'>esse</span> <span class='ocrx_word' id='word_1_204' title='bbox 1538 1729 1608 1764; x_wconf 78' lang='lat' dir='ltr'>ant</span> <span class='ocrx_word' id='word_1_205' title='bbox 1640 1720 1777 1763; x_wconf 81' lang='lat' dir='ltr'>leviter</span> <span class='ocrx_word' id='word_1_206' title='bbox 1809 1727 2028 1763; x_wconf 82' lang='lat' dir='ltr'>attactum..</span> <span class='ocrx_word' id='word_1_207' title='bbox 2083 1719 2218 1763; x_wconf 85' lang='lat' dir='ltr'>Sehw.</span> <span class='ocrx_word' id='word_1_208' title='bbox 2253 1721 2328 1762; x_wconf 83' lang='lat' dir='ltr'>hoe</span> <span class='ocrx_word' id='word_1_209' title='bbox 2361 1728 2521 1764; x_wconf 85' lang='lat' dir='ltr'>tantum</span> <span class='ocrx_word' id='word_1_210' title='bbox 2553 1722 2649 1764; x_wconf 89' lang='lat' dir='ltr'>ani-</span> 
     </span>
     <span class='ocr_line' id='line_1_19' title="bbox 688 1800 2651 1859; baseline -0.001 -12"><span class='ocrx_word' id='word_1_211' title='bbox 688 1801 924 1847; x_wconf 84' lang='lat' dir='ltr'>madvertit:</span> <span class='ocrx_word' id='word_1_212' title='bbox 960 1800 1006 1845; x_wconf 73' lang='grc' dir='ltr'>ὃὲ</span> <span class='ocrx_word' id='word_1_213' title='bbox 1039 1802 1187 1846; x_wconf 77' lang='lat' dir='ltr'>malles</span> <span class='ocrx_word' id='word_1_214' title='bbox 1222 1803 1370 1859; x_wconf 82' lang='lat' dir='ltr'>(quam</span> <span class='ocrx_word' id='word_1_215' title='bbox 1407 1805 1490 1856; x_wconf 83' lang='grc' dir='ltr'><strong><em>τέ).·</em></strong></span> <span class='ocrx_word' id='word_1_216' title='bbox 1522 1802 1598 1846; x_wconf 84' lang='lat' dir='ltr'>sed</span> <span class='ocrx_word' id='word_1_217' title='bbox 1627 1801 1694 1845; x_wconf 74' lang='lat' dir='ltr'>nil</span> <span class='ocrx_word' id='word_1_218' title='bbox 1724 1804 1890 1845; x_wconf 76' lang='lat' dir='ltr'>mutant</span> <span class='ocrx_word' id='word_1_219' title='bbox 1923 1800 2034 1844; x_wconf 81' lang='lat' dir='ltr'>libri.</span> <span class='ocrx_word' id='word_1_220' title='bbox 2089 1800 2167 1843; x_wconf 69' lang='lat' dir='ltr'>Ab.</span> <span class='ocrx_word' id='word_1_221' title='bbox 2203 1800 2354 1851; x_wconf 84' lang='lat' dir='ltr'>statuit,</span> <span class='ocrx_word' id='word_1_222' title='bbox 2385 1800 2479 1845; x_wconf 82' lang='lat' dir='ltr'>illud</span> <span class='ocrx_word' id='word_1_223' title='bbox 2503 1808 2548 1844; x_wconf 88' lang='grc' dir='ltr'>τέ</span> <span class='ocrx_word' id='word_1_224' title='bbox 2568 1817 2651 1845; x_wconf 90' lang='lat' dir='ltr'>an—</span> 
     </span>
     <span class='ocr_line' id='line_1_20' title="bbox 687 1880 2654 1941; baseline 0 -14"><span class='ocrx_word' id='word_1_225' title='bbox 687 1882 886 1927; x_wconf 88' lang='lat' dir='ltr'>tecedenti</span> <span class='ocrx_word' id='word_1_226' title='bbox 931 1888 1019 1937; x_wconf 78' lang='grc' dir='ltr'><strong><em>,ιιέν</em></strong></span> <span class='ocrx_word' id='word_1_227' title='bbox 1068 1881 1324 1940; x_wconf 86' lang='lat' dir='ltr'>respondere,</span> <span class='ocrx_word' id='word_1_228' title='bbox 1372 1882 1477 1940; x_wconf 82' lang='lat' dir='ltr'>quod</span> <span class='ocrx_word' id='word_1_229' title='bbox 1513 1890 1558 1925; x_wconf 92' lang='lat' dir='ltr'>ut</span> <span class='ocrx_word' id='word_1_230' title='bbox 1591 1881 1791 1941; x_wconf 86' lang='lat' dir='ltr'>probaret,</span> <span class='ocrx_word' id='word_1_231' title='bbox 1827 1881 1995 1925; x_wconf 85' lang='lat' dir='ltr'>contulit</span> <span class='ocrx_word' id='word_1_232' title='bbox 2029 1880 2130 1932; x_wconf 89' lang='lat' dir='ltr'>Vlll,</span> <span class='ocrx_word' id='word_1_233' title='bbox 2173 1883 2223 1924; x_wconf 74' lang='lat'>40</span> <span class='ocrx_word' id='word_1_234' title='bbox 2239 1897 2249 1936; x_wconf 82' lang='lat'>3</span> <span class='ocrx_word' id='word_1_235' title='bbox 2285 1881 2355 1925; x_wconf 91' lang='lat' dir='ltr'>sed</span> <span class='ocrx_word' id='word_1_236' title='bbox 2389 1890 2534 1927; x_wconf 90' lang='lat' dir='ltr'>neutro</span> <span class='ocrx_word' id='word_1_237' title='bbox 2567 1883 2654 1927; x_wconf 89' lang='lat' dir='ltr'>loco</span> 
     </span>
     <span class='ocr_line' id='line_1_21' title="bbox 687 1961 2653 2022; baseline 0.002 -18"><span class='ocrx_word' id='word_1_238' title='bbox 687 1970 779 2019; x_wconf 86' lang='grc' dir='ltr'>μέν</span> <span class='ocrx_word' id='word_1_239' title='bbox 826 1971 865 2005; x_wconf 88' lang='lat' dir='ltr'>et</span> <span class='ocrx_word' id='word_1_240' title='bbox 898 1968 944 2004; x_wconf 88' lang='grc' dir='ltr'>τέ</span> <span class='ocrx_word' id='word_1_241' title='bbox 975 1962 1080 2005; x_wconf 87' lang='lat' dir='ltr'>inter</span> <span class='ocrx_word' id='word_1_242' title='bbox 1115 1977 1158 2004; x_wconf 88' lang='lat' dir='ltr'>se</span> <span class='ocrx_word' id='word_1_243' title='bbox 1193 1962 1450 2021; x_wconf 84' lang='lat' dir='ltr'>respondent.</span> <span class='ocrx_word' id='word_1_244' title='bbox 1515 1961 1598 2005; x_wconf 87' lang='lat' dir='ltr'>Hoc</span> <span class='ocrx_word' id='word_1_245' title='bbox 1630 1962 1790 2021; x_wconf 90' lang='lat' dir='ltr'>quidem</span> <span class='ocrx_word' id='word_1_246' title='bbox 1826 1962 1911 2005; x_wconf 88' lang='lat' dir='ltr'>loco</span> <span class='ocrx_word' id='word_1_247' title='bbox 1943 1969 1988 2005; x_wconf 89' lang='grc' dir='ltr'>τέ</span> <span class='ocrx_word' id='word_1_248' title='bbox 2018 1961 2069 2005; x_wconf 88' lang='lat' dir='ltr'>ad</span> <span class='ocrx_word' id='word_1_249' title='bbox 2105 1962 2198 2005; x_wconf 86' lang='lat' dir='ltr'>nihil</span> <span class='ocrx_word' id='word_1_250' title='bbox 2232 1961 2338 2006; x_wconf 82' lang='lat' dir='ltr'>aliud</span> <span class='ocrx_word' id='word_1_251' title='bbox 2372 1963 2543 2022; x_wconf 87' lang='lat' dir='ltr'>pertinet</span> <span class='ocrx_word' id='word_1_252' title='bbox 2575 1963 2653 2007; x_wconf 89' lang='lat' dir='ltr'>nisi</span> 
     </span>
     <span class='ocr_line' id='line_1_22' title="bbox 688 2038 2696 2109; baseline 0 -23"><span class='ocrx_word' id='word_1_253' title='bbox 688 2043 738 2086; x_wconf 85' lang='lat' dir='ltr'>ad</span> <span class='ocrx_word' id='word_1_254' title='bbox 789 2042 903 2102; x_wconf 85' lang='lat' dir='ltr'>prius</span> <span class='ocrx_word' id='word_1_255' title='bbox 952 2042 1180 2087; x_wconf 83' lang='lat' dir='ltr'>membrum</span> <span class='ocrx_word' id='word_1_256' title='bbox 1229 2041 1558 2093; x_wconf 87' lang='lat' dir='ltr'>continuandum,</span> <span class='ocrx_word' id='word_1_257' title='bbox 1610 2043 1727 2101; x_wconf 86' lang='lat' dir='ltr'>cujus</span> <span class='ocrx_word' id='word_1_258' title='bbox 1774 2043 2020 2087; x_wconf 82' lang='lat' dir='ltr'>contrarium</span> <span class='ocrx_word' id='word_1_259' title='bbox 2069 2042 2110 2085; x_wconf 91' lang='lat' dir='ltr'>in</span> <span class='ocrx_word' id='word_1_260' title='bbox 2152 2038 2332 2090; x_wconf 71' lang='grc' dir='ltr'><strong><em>ἀπέντες</em></strong></span> <span class='ocrx_word' id='word_1_261' title='bbox 2361 2045 2439 2099; x_wconf 75' lang='grc' dir='ltr'>τήν</span> <span class='ocrx_word' id='word_1_262' title='bbox 2472 2043 2653 2087; x_wconf 73' lang='grc' dir='ltr'><strong><em>ἑωυτῶν</em></strong></span> <span class='ocrx_word' id='word_1_263' title='bbox 2692 2101 2696 2109; x_wconf 36' lang='grc' dir='ltr'><em>Ι</em></span> 
     </span>
     <span class='ocr_line' id='line_1_23' title="bbox 689 2119 1477 2181; baseline 0.001 -16"><span class='ocrx_word' id='word_1_264' title='bbox 689 2119 950 2178; x_wconf 67' lang='grc' dir='ltr'><strong><em>ἀφύλακτον</em></strong></span> <span class='ocrx_word' id='word_1_265' title='bbox 983 2121 1116 2172; x_wconf 84' lang='lat' dir='ltr'>latere,</span> <span class='ocrx_word' id='word_1_266' title='bbox 1154 2121 1248 2165; x_wconf 87' lang='lat' dir='ltr'>mibi</span> <span class='ocrx_word' id='word_1_267' title='bbox 1284 2122 1477 2181; x_wconf 81' lang='lat' dir='ltr'>persuasi.</span> 
     </span>
    </p>

    <p class='ocr_par' dir='ltr' id='par_1_3' title="bbox 687 2201 2657 3148">
     <span class='ocr_line' id='line_1_24' title="bbox 812 2201 2649 2262; baseline 0.003 -17"><span class='ocrx_word' id='word_1_268' title='bbox 812 2202 966 2246; x_wconf 82' lang='lat' dir='ltr'>Deinde</span> <span class='ocrx_word' id='word_1_269' title='bbox 999 2201 1048 2245; x_wconf 88' lang='lat' dir='ltr'>ad</span> <span class='ocrx_word' id='word_1_270' title='bbox 1083 2217 1153 2245; x_wconf 83' lang='lat' dir='ltr'>eos</span> <span class='ocrx_word' id='word_1_271' title='bbox 1187 2202 1295 2246; x_wconf 85' lang='lat' dir='ltr'>locos</span> <span class='ocrx_word' id='word_1_272' title='bbox 1329 2203 1686 2262; x_wconf 80' lang='lat' dir='ltr'>transgredianmr,</span> <span class='ocrx_word' id='word_1_273' title='bbox 1722 2203 1789 2246; x_wconf 90' lang='lat' dir='ltr'>ubi</span> <span class='ocrx_word' id='word_1_274' title='bbox 1824 2204 1935 2262; x_wconf 87' lang='lat' dir='ltr'>prius</span> <span class='ocrx_word' id='word_1_275' title='bbox 1969 2203 2196 2248; x_wconf 89' lang='lat' dir='ltr'>membrum</span> <span class='ocrx_word' id='word_1_276' title='bbox 2233 2210 2275 2246; x_wconf 91' lang='grc' dir='ltr'>τέ</span> <span class='ocrx_word' id='word_1_277' title='bbox 2306 2204 2439 2257; x_wconf 87' lang='lat' dir='ltr'>habet,</span> <span class='ocrx_word' id='word_1_278' title='bbox 2476 2206 2504 2255; x_wconf 94' lang='lat' dir='ltr'>l,</span> <span class='ocrx_word' id='word_1_279' title='bbox 2549 2208 2564 2248; x_wconf 69' lang='lat'><strong>1</strong></span> <span class='ocrx_word' id='word_1_280' title='bbox 2586 2205 2649 2257; x_wconf 89' lang='grc'>17,</span> 
     </span>
     <span class='ocr_line' id='line_1_25' title="bbox 689 2279 2651 2339; baseline 0.002 -14"><span class='ocrx_word' id='word_1_281' title='bbox 689 2310 750 2317; x_wconf 91' lang='grc'>-</span> <span class='ocrx_word' id='word_1_282' title='bbox 801 2285 889 2339; x_wconf 76' lang='grc' dir='ltr'><strong><em>φιὶς</em></strong></span> <span class='ocrx_word' id='word_1_283' title='bbox 937 2290 989 2326; x_wconf 86' lang='grc' dir='ltr'>σέ</span> <span class='ocrx_word' id='word_1_284' title='bbox 1036 2299 1075 2326; x_wconf 89' lang='grc' dir='ltr'>τε</span> <span class='ocrx_word' id='word_1_285' title='bbox 1122 2280 1236 2326; x_wconf 78' lang='grc' dir='ltr'><strong><em>εἶναι</em></strong></span> <span class='ocrx_word' id='word_1_286' title='bbox 1279 2285 1354 2326; x_wconf 78' lang='grc' dir='ltr'>τόν</span> <span class='ocrx_word' id='word_1_287' title='bbox 1396 2283 1633 2326; x_wconf 76' lang='grc' dir='ltr'><strong><em>κελεύοντα</em></strong></span> <span class='ocrx_word' id='word_1_288' title='bbox 1667 2279 1919 2326; x_wconf 73' lang='grc' dir='ltr'><strong><em>ἀποκτεῖναι</em></strong></span> <span class='ocrx_word' id='word_1_289' title='bbox 1955 2279 2076 2327; x_wconf 80' lang='grc' dir='ltr'><strong><em>αὔτό.</em></strong></span> <span class='ocrx_word' id='word_1_290' title='bbox 2144 2284 2241 2328; x_wconf 89' lang='lat' dir='ltr'>Post</span> <span class='ocrx_word' id='word_1_291' title='bbox 2274 2283 2367 2328; x_wconf 83' lang='lat' dir='ltr'>iliud</span> <span class='ocrx_word' id='word_1_292' title='bbox 2401 2292 2448 2328; x_wconf 84' lang='grc' dir='ltr'>τέ</span> <span class='ocrx_word' id='word_1_293' title='bbox 2480 2285 2651 2330; x_wconf 82' lang='lat' dir='ltr'>alterum</span> 
     </span>
     <span class='ocr_line' id='line_1_26' title="bbox 689 2363 2651 2426; baseline 0.002 -17"><span class='ocrx_word' id='word_1_294' title='bbox 689 2364 917 2409; x_wconf 87' lang='lat' dir='ltr'>membrum</span> <span class='ocrx_word' id='word_1_295' title='bbox 951 2363 1217 2414; x_wconf 85' lang='lat' dir='ltr'>desideratur,</span> <span class='ocrx_word' id='word_1_296' title='bbox 1254 2363 1363 2422; x_wconf 88' lang='lat' dir='ltr'>quod</span> <span class='ocrx_word' id='word_1_297' title='bbox 1396 2371 1435 2407; x_wconf 84' lang='lat' dir='ltr'>et</span> <span class='ocrx_word' id='word_1_298' title='bbox 1468 2364 1599 2423; x_wconf 86' lang='lat' dir='ltr'>ipsum</span> <span class='ocrx_word' id='word_1_299' title='bbox 1633 2378 1682 2406; x_wconf 84' lang='lat' dir='ltr'>ex</span> <span class='ocrx_word' id='word_1_300' title='bbox 1716 2363 1839 2408; x_wconf 88' lang='lat' dir='ltr'>verbo</span> <span class='ocrx_word' id='word_1_301' title='bbox 1873 2366 1959 2419; x_wconf 77' lang='grc' dir='ltr'>φάς</span> <span class='ocrx_word' id='word_1_302' title='bbox 1992 2364 2165 2424; x_wconf 87' lang='lat' dir='ltr'>pendere</span> <span class='ocrx_word' id='word_1_303' title='bbox 2197 2364 2390 2421; x_wconf 81' lang='lat' dir='ltr'>debebat3</span> <span class='ocrx_word' id='word_1_304' title='bbox 2424 2374 2547 2426; x_wconf 86' lang='lat' dir='ltr'>atque</span> <span class='ocrx_word' id='word_1_305' title='bbox 2575 2367 2651 2420; x_wconf 71' lang='lat' dir='ltr'>St„</span> 
     </span>
     <span class='ocr_line' id='line_1_27' title="bbox 688 2443 2655 2506; baseline 0.001 -15"><span class='ocrx_word' id='word_1_306' title='bbox 688 2461 810 2506; x_wconf 89' lang='lat' dir='ltr'>quem</span> <span class='ocrx_word' id='word_1_307' title='bbox 860 2446 993 2505; x_wconf 85' lang='lat' dir='ltr'>ipsum</span> <span class='ocrx_word' id='word_1_308' title='bbox 1043 2445 1177 2495; x_wconf 84' lang='lat' dir='ltr'>adeas,</span> <span class='ocrx_word' id='word_1_309' title='bbox 1231 2443 1278 2486; x_wconf 89' lang='lat' dir='ltr'>iis</span> <span class='ocrx_word' id='word_1_310' title='bbox 1326 2443 1486 2493; x_wconf 72' lang='lat' dir='ltr'>ductuS,</span> <span class='ocrx_word' id='word_1_311' title='bbox 1540 2460 1644 2504; x_wconf 83' lang='lat' dir='ltr'>quae</span> <span class='ocrx_word' id='word_1_312' title='bbox 1684 2445 1811 2504; x_wconf 79' lang='lat' dir='ltr'>eapite</span> <span class='ocrx_word' id='word_1_313' title='bbox 1858 2448 1939 2488; x_wconf 76' lang='grc' dir='ltr'>ΗΟ</span> <span class='ocrx_word' id='word_1_314' title='bbox 1976 2445 2247 2497; x_wconf 83' lang='lat' dir='ltr'>continentur,</span> <span class='ocrx_word' id='word_1_315' title='bbox 2282 2447 2522 2492; x_wconf 84' lang='lat' dir='ltr'>sententiam</span> <span class='ocrx_word' id='word_1_316' title='bbox 2556 2447 2655 2493; x_wconf 87' lang='lat' dir='ltr'>scite</span> 
     </span>
     <span class='ocr_line' id='line_1_28' title="bbox 689 2520 2652 2587; baseline 0.002 -18"><span class='ocrx_word' id='word_1_317' title='bbox 689 2526 853 2586; x_wconf 87' lang='lat' dir='ltr'>perfecit</span> <span class='ocrx_word' id='word_1_318' title='bbox 900 2530 981 2567; x_wconf 79' lang='grc' dir='ltr'>καί</span> <span class='ocrx_word' id='word_1_319' title='bbox 1025 2539 1071 2567; x_wconf 90' lang='grc' dir='ltr'>σε</span> <span class='ocrx_word' id='word_1_320' title='bbox 1125 2525 1452 2582; x_wconf 67' lang='grc' dir='ltr'><strong><em>διαχρήσεσθαι</em></strong></span> <span class='ocrx_word' id='word_1_321' title='bbox 1500 2521 1634 2567; x_wconf 78' lang='grc' dir='ltr'><strong><em>αὐτόν</em></strong></span> <span class='ocrx_word' id='word_1_322' title='bbox 1675 2520 1859 2584; x_wconf 73' lang='grc' dir='ltr'><strong><em>ὀλέθρῳ</em></strong></span> <span class='ocrx_word' id='word_1_323' title='bbox 1902 2529 1964 2585; x_wconf 72' lang='grc' dir='ltr'>τῷ</span> <span class='ocrx_word' id='word_1_324' title='bbox 1996 2531 2190 2584; x_wconf 83' lang='grc' dir='ltr'><strong><em>κακίστῳ</em></strong></span> <span class='ocrx_word' id='word_1_325' title='bbox 2228 2521 2281 2583; x_wconf 78' lang='grc' dir='ltr'>ἢν</span> <span class='ocrx_word' id='word_1_326' title='bbox 2312 2530 2379 2583; x_wconf 82' lang='grc' dir='ltr'>μή</span> <span class='ocrx_word' id='word_1_327' title='bbox 2413 2524 2652 2587; x_wconf 69' lang='grc' dir='ltr'><strong><em>ἀποκτείνῃ</em></strong></span> 
     </span>
     <span class='ocr_line' id='line_1_29' title="bbox 690 2602 2654 2666; baseline 0.001 -18"><span class='ocrx_word' id='word_1_328' title='bbox 690 2602 811 2658; x_wconf 75' lang='grc' dir='ltr'><strong><em>αὐτό,</em></strong></span> <span class='ocrx_word' id='word_1_329' title='bbox 860 2606 970 2663; x_wconf 92' lang='lat' dir='ltr'>quod</span> <span class='ocrx_word' id='word_1_330' title='bbox 1020 2605 1197 2664; x_wconf 83' lang='lat' dir='ltr'>quodam</span> <span class='ocrx_word' id='word_1_331' title='bbox 1247 2603 1366 2646; x_wconf 89' lang='lat' dir='ltr'>modo</span> <span class='ocrx_word' id='word_1_332' title='bbox 1407 2604 1634 2648; x_wconf 78' lang='lat' dir='ltr'>continetur</span> <span class='ocrx_word' id='word_1_333' title='bbox 1668 2606 1708 2648; x_wconf 88' lang='lat' dir='ltr'>in</span> <span class='ocrx_word' id='word_1_334' title='bbox 1742 2606 1804 2648; x_wconf 84' lang='lat' dir='ltr'>bis</span> <span class='ocrx_word' id='word_1_335' title='bbox 1838 2602 2082 2662; x_wconf 70' lang='grc' dir='ltr'><strong><em>ἀπειλήσας</em></strong></span> <span class='ocrx_word' id='word_1_336' title='bbox 2113 2609 2303 2649; x_wconf 85' lang='grc' dir='ltr'><strong><em>παντοῖα</em></strong></span> <span class='ocrx_word' id='word_1_337' title='bbox 2334 2607 2463 2666; x_wconf 74' lang='grc' dir='ltr'><strong><em>τῷδε,</em></strong></span> <span class='ocrx_word' id='word_1_338' title='bbox 2498 2605 2553 2665; x_wconf 84' lang='grc' dir='ltr'>ἢν</span> <span class='ocrx_word' id='word_1_339' title='bbox 2584 2610 2654 2665; x_wconf 73' lang='grc' dir='ltr'>μή</span> 
     </span>
     <span class='ocr_line' id='line_1_30' title="bbox 688 2683 2652 2744; baseline 0.003 -17"><span class='ocrx_word' id='word_1_340' title='bbox 688 2684 792 2728; x_wconf 78' lang='grc' dir='ltr'>τάδε</span> <span class='ocrx_word' id='word_1_341' title='bbox 826 2683 1026 2727; x_wconf 75' lang='grc' dir='ltr'><strong><em>ἐπιτελέα</em></strong></span> <span class='ocrx_word' id='word_1_342' title='bbox 1059 2686 1238 2741; x_wconf 82' lang='grc' dir='ltr'><strong><em>ποιήσῃ.</em></strong></span> <span class='ocrx_word' id='word_1_343' title='bbox 1291 2683 1369 2727; x_wconf 87' lang='lat' dir='ltr'>Ab.</span> <span class='ocrx_word' id='word_1_344' title='bbox 1404 2684 1670 2743; x_wconf 78' lang='lat' dir='ltr'>hyperbaton,</span> <span class='ocrx_word' id='word_1_345' title='bbox 1706 2685 1815 2743; x_wconf 90' lang='lat' dir='ltr'>quod</span> <span class='ocrx_word' id='word_1_346' title='bbox 1848 2685 1986 2729; x_wconf 89' lang='lat' dir='ltr'>dicunt</span> <span class='ocrx_word' id='word_1_347' title='bbox 2016 2686 2277 2744; x_wconf 84' lang='lat' dir='ltr'>grammatici,</span> <span class='ocrx_word' id='word_1_348' title='bbox 2314 2687 2464 2738; x_wconf 85' lang='lat' dir='ltr'>statuit,</span> <span class='ocrx_word' id='word_1_349' title='bbox 2488 2688 2652 2733; x_wconf 84' lang='lat' dir='ltr'>utillud</span> 
     </span>
     <span class='ocr_line' id='line_1_31' title="bbox 689 2762 2654 2823; baseline 0.001 -16"><span class='ocrx_word' id='word_1_350' title='bbox 689 2771 737 2807; x_wconf 84' lang='grc' dir='ltr'>τέ</span> <span class='ocrx_word' id='word_1_351' title='bbox 782 2765 833 2808; x_wconf 93' lang='lat' dir='ltr'>ad</span> <span class='ocrx_word' id='word_1_352' title='bbox 884 2766 973 2818; x_wconf 77' lang='grc' dir='ltr'>φάς</span> <span class='ocrx_word' id='word_1_353' title='bbox 1012 2762 1267 2807; x_wconf 85' lang='lat' dir='ltr'>referendum</span> <span class='ocrx_word' id='word_1_354' title='bbox 1309 2779 1401 2808; x_wconf 88' lang='lat' dir='ltr'>esse</span> <span class='ocrx_word' id='word_1_355' title='bbox 1435 2772 1560 2823; x_wconf 86' lang='lat' dir='ltr'>putet.</span> <span class='ocrx_word' id='word_1_356' title='bbox 1628 2765 1689 2815; x_wconf 88' lang='lat'>111,</span> <span class='ocrx_word' id='word_1_357' title='bbox 1733 2768 1830 2816; x_wconf 70' lang='lat'>139,</span> <span class='ocrx_word' id='word_1_358' title='bbox 1867 2791 1925 2797; x_wconf 95' lang='lat'><strong>—</strong></span> <span class='ocrx_word' id='word_1_359' title='bbox 1960 2762 2093 2808; x_wconf 82' lang='grc' dir='ltr'><strong><em>ἄλλοι</em></strong></span> <span class='ocrx_word' id='word_1_360' title='bbox 2125 2781 2167 2809; x_wconf 84' lang='grc' dir='ltr'>τε</span> <span class='ocrx_word' id='word_1_361' title='bbox 2201 2770 2352 2821; x_wconf 83' lang='grc' dir='ltr'><strong><em>συχνοὶ</em></strong></span> <span class='ocrx_word' id='word_1_362' title='bbox 2384 2766 2427 2814; x_wconf 81' lang='grc' dir='ltr'>ἐς</span> <span class='ocrx_word' id='word_1_363' title='bbox 2457 2769 2539 2823; x_wconf 77' lang='grc' dir='ltr'>τήν</span> <span class='ocrx_word' id='word_1_364' title='bbox 2570 2768 2654 2810; x_wconf 81' lang='grc' dir='ltr'>Δῖ-</span> 
     </span>
     <span class='ocr_line' id='line_1_32' title="bbox 688 2839 2654 2907; baseline -0.004 -19"><span class='ocrx_word' id='word_1_365' title='bbox 688 2860 855 2902; x_wconf 86' lang='grc' dir='ltr'><strong><em>γυπτον</em></strong></span> <span class='ocrx_word' id='word_1_366' title='bbox 904 2839 1117 2889; x_wconf 73' lang='grc' dir='ltr'><strong><em>ἀπίκοντο</em></strong></span> <span class='ocrx_word' id='word_1_367' title='bbox 1155 2840 1396 2901; x_wconf 81' lang='grc' dir='ltr'><strong><em>Ἑλλήνων,</em></strong></span> <span class='ocrx_word' id='word_1_368' title='bbox 1444 2844 1487 2889; x_wconf 74' lang='grc' dir='ltr'>οἳ</span> <span class='ocrx_word' id='word_1_369' title='bbox 1525 2847 1626 2901; x_wconf 72' lang='grc' dir='ltr'>μὲν,</span> <span class='ocrx_word' id='word_1_370' title='bbox 1671 2843 1734 2893; x_wconf 77' lang='grc' dir='ltr'>ὥς</span> <span class='ocrx_word' id='word_1_371' title='bbox 1773 2844 1909 2897; x_wconf 77' lang='grc' dir='ltr'><strong><em>οἰκὸς,</em></strong></span> <span class='ocrx_word' id='word_1_372' title='bbox 1942 2841 2051 2888; x_wconf 76' lang='grc' dir='ltr'><strong><em>κατ’</em></strong></span> <span class='ocrx_word' id='word_1_373' title='bbox 2084 2844 2322 2905; x_wconf 77' lang='grc' dir='ltr'><strong><em>ἐμπορίην,</em></strong></span> <span class='ocrx_word' id='word_1_374' title='bbox 2357 2848 2400 2891; x_wconf 76' lang='grc' dir='ltr'>οἳ</span> <span class='ocrx_word' id='word_1_375' title='bbox 2434 2846 2482 2889; x_wconf 82' lang='grc' dir='ltr'>δὲ</span> <span class='ocrx_word' id='word_1_376' title='bbox 2516 2861 2654 2907; x_wconf 80' lang='grc' dir='ltr'><strong><em>στρα-</em></strong></span> 
     </span>
     <span class='ocr_line' id='line_1_33' title="bbox 687 2920 2657 2984; baseline 0.002 -15"><span class='ocrx_word' id='word_1_377' title='bbox 687 2927 938 2981; x_wconf 77' lang='grc' dir='ltr'><strong><em>τευόμενοι,</em></strong></span> <span class='ocrx_word' id='word_1_378' title='bbox 993 2926 1036 2970; x_wconf 76' lang='grc' dir='ltr'>οἳ</span> <span class='ocrx_word' id='word_1_379' title='bbox 1087 2925 1137 2968; x_wconf 79' lang='grc' dir='ltr'>δέ</span> <span class='ocrx_word' id='word_1_380' title='bbox 1183 2940 1295 2974; x_wconf 85' lang='grc' dir='ltr'><strong><em>τινες</em></strong></span> <span class='ocrx_word' id='word_1_381' title='bbox 1339 2929 1413 2968; x_wconf 81' lang='grc' dir='ltr'>καὶ</span> <span class='ocrx_word' id='word_1_382' title='bbox 1455 2920 1583 2983; x_wconf 78' lang='grc' dir='ltr'><strong><em>αὐτῆς</em></strong></span> <span class='ocrx_word' id='word_1_383' title='bbox 1625 2927 1700 2982; x_wconf 84' lang='grc' dir='ltr'>τῆς</span> <span class='ocrx_word' id='word_1_384' title='bbox 1724 2926 1878 2983; x_wconf 78' lang='grc' dir='ltr'><strong><em>χώρης</em></strong></span> <span class='ocrx_word' id='word_1_385' title='bbox 1909 2926 2081 2982; x_wconf 71' lang='grc' dir='ltr'><strong><em>θεηταῐ,</em></strong></span> <span class='ocrx_word' id='word_1_386' title='bbox 2114 2928 2203 2969; x_wconf 77' lang='grc' dir='ltr'>τῶν</span> <span class='ocrx_word' id='word_1_387' title='bbox 2235 2922 2290 2984; x_wconf 82' lang='grc' dir='ltr'>ἦν</span> <span class='ocrx_word' id='word_1_388' title='bbox 2321 2931 2396 2971; x_wconf 84' lang='grc' dir='ltr'>καὶ</span> <span class='ocrx_word' id='word_1_389' title='bbox 2429 2927 2657 2972; x_wconf 75' lang='grc' dir='ltr'><strong><em>Συλοσῶν</em></strong></span> 
     </span>
     <span class='ocr_line' id='line_1_34' title="bbox 689 3004 2656 3066; baseline 0.001 -16"><span class='ocrx_word' id='word_1_390' title='bbox 689 3033 747 3039; x_wconf 88' lang='grc'><strong>-</strong></span> <span class='ocrx_word' id='word_1_391' title='bbox 784 3032 860 3049; x_wconf 87' lang='grc'>-.</span> <span class='ocrx_word' id='word_1_392' title='bbox 896 3006 969 3050; x_wconf 87' lang='lat' dir='ltr'>Hic</span> <span class='ocrx_word' id='word_1_393' title='bbox 1003 3005 1206 3066; x_wconf 85' lang='lat' dir='ltr'>posterius</span> <span class='ocrx_word' id='word_1_394' title='bbox 1240 3005 1468 3050; x_wconf 86' lang='lat' dir='ltr'>membrum</span> <span class='ocrx_word' id='word_1_395' title='bbox 1502 3006 1562 3057; x_wconf 87' lang='lat' dir='ltr'>iis,</span> <span class='ocrx_word' id='word_1_396' title='bbox 1597 3020 1702 3065; x_wconf 87' lang='lat' dir='ltr'>quae</span> <span class='ocrx_word' id='word_1_397' title='bbox 1734 3004 1785 3048; x_wconf 88' lang='lat' dir='ltr'>ad</span> <span class='ocrx_word' id='word_1_398' title='bbox 1818 3005 1931 3066; x_wconf 88' lang='lat' dir='ltr'>prius</span> <span class='ocrx_word' id='word_1_399' title='bbox 1965 3005 2058 3050; x_wconf 85' lang='lat' dir='ltr'>illud</span> <span class='ocrx_word' id='word_1_400' title='bbox 2092 3004 2225 3049; x_wconf 78' lang='grc' dir='ltr'><strong><em>ἄλλοι</em></strong></span> <span class='ocrx_word' id='word_1_401' title='bbox 2251 3013 2401 3064; x_wconf 82' lang='grc' dir='ltr'><strong><em>συχνοὶ</em></strong></span> <span class='ocrx_word' id='word_1_402' title='bbox 2417 3007 2656 3066; x_wconf 78' lang='grc' dir='ltr'><strong><em>Ἑλλήνιον</em></strong></span> 
     </span>
     <span class='ocr_line' id='line_1_35' title="bbox 688 3086 2653 3148; baseline 0.002 -17"><span class='ocrx_word' id='word_1_403' title='bbox 688 3087 961 3131; x_wconf 83' lang='lat' dir='ltr'>definiendum</span> <span class='ocrx_word' id='word_1_404' title='bbox 1011 3087 1225 3147; x_wconf 86' lang='lat' dir='ltr'>pertinent,</span> <span class='ocrx_word' id='word_1_405' title='bbox 1277 3086 1511 3146; x_wconf 84' lang='lat' dir='ltr'>adjunctum</span> <span class='ocrx_word' id='word_1_406' title='bbox 1561 3094 1635 3138; x_wconf 89' lang='lat' dir='ltr'>est,</span> <span class='ocrx_word' id='word_1_407' title='bbox 1687 3102 1814 3147; x_wconf 88' lang='lat' dir='ltr'>quum</span> <span class='ocrx_word' id='word_1_408' title='bbox 1861 3101 1911 3130; x_wconf 86' lang='lat' dir='ltr'>ex</span> <span class='ocrx_word' id='word_1_409' title='bbox 1946 3087 2118 3148; x_wconf 84' lang='lat' dir='ltr'>legitimo</span> <span class='ocrx_word' id='word_1_410' title='bbox 2150 3087 2290 3132; x_wconf 86' lang='lat' dir='ltr'>ordine</span> <span class='ocrx_word' id='word_1_411' title='bbox 2323 3088 2380 3134; x_wconf 84' lang='lat' dir='ltr'>sic</span> <span class='ocrx_word' id='word_1_412' title='bbox 2411 3089 2653 3135; x_wconf 82' lang='lat' dir='ltr'>conformari</span> 
     </span>
    </p>
   </div>
  </div>
 </body>
</html>
