2941 3765
648 316 700 361 12
1426 337 1435 349 ·
1472 332 1505 365 S.
1528 332 1568 366 E.
1593 332 1775 366 Menander.

638 448 918 497 cognoscatur,
955 454 1005 482 ex
1039 448 1336 499 programmate
1369 441 1432 483 illo
1467 441 1563 483 haec
1596 441 1741 483 all'erre
1775 439 1867 482 mihi
1903 439 2025 482 lubet.
2086 437 2292 488 Versatur,
2330 450 2419 496 pag.
2457 437 2528 487 25,
2555 436 2596 478 in

640 519 966 570 demonstrando,
1000 519 1095 564 illud
1128 517 1240 577 ἁλὴς
1273 547 1331 552 -
1364 526 1586 577 γενομένη
1620 523 1742 562 πᾶσα
1776 517 1802 576 ἦ
1827 517 1997 571 Ἑλλάς,
2022 519 2104 568 Vll,
2137 516 2234 568 157,
2260 524 2466 576 tamquam
2489 516 2595 560 sub-

637 602 787 661 jeetum
819 599 870 644 ad
905 607 1140 660 sequentem
1174 600 1493 644 enunciationem
1528 599 1776 644 referendum
1809 615 1911 644 esse.
1968 600 2282 659 Interpretatur:
2313 598 2444 642 Derm
2473 611 2596 642 wenn

636 697 751 738 qam
798 681 1120 725 Griechenland
1160 682 1251 725 sich
1285 682 1563 734 versammelt,
1595 696 1641 725 so
1673 682 1828 724 kommt
1861 682 1954 723 eine
1983 694 2137 735 ⁸qroaze
2169 679 2490 734 Krieysschaar
2521 693 2596 722 zu-

641 777 833 808 sammen
881 764 974 807 'und
1012 789 1069 795 —
1106 789 1164 794 —-
1200 789 1270 806 —-.
1338 763 1471 822 Pergit
1521 763 1642 806 inti-at
1692 762 1786 806 Der
1830 776 1967 816 ,clame
2016 762 2374 822 Participialsatz
2418 762 2513 804 tritt
2544 775 2598 804 zu

641 846 803 888 seinem
850 843 1119 899 Hauptsatze
1167 845 1213 887 in
1263 845 1341 887 das
1403 844 1667 887 Verkalmisz
1709 844 1781 887 des
1815 842 2010 896 Subjects
2041 856 2137 887 zum
2170 840 2426 895 Prddicate3
2460 855 2508 886 er
2541 842 2597 886 ist

643 925 832 967 nttmlich
881 926 960 967 das
1003 925 1184 978 loqisclce
1226 925 1398 977 Subject
1439 926 1553 967 eines
1584 925 1928 979 hypothetischen
1969 924 2170 977 Urtheils,
2202 924 2354 966 dessen
2387 922 2598 966 Prddicat

644 1005 722 1048 der
755 1003 974 1048 Nachsatz
1006 1006 1109 1048 odeo·
1142 1005 1387 1060 Hauptsatz
1420 1006 1484 1048 ist.
1539 1005 1640 1048 Haec
1673 1004 1858 1063 quamvis
1893 1019 2080 1063 magnam
2121 1019 2216 1063 prae
2240 1019 2283 1046 se
2306 1003 2436 1046 serant
2460 1003 2596 1047 subti-

645 1084 764 1128 litatis
815 1083 997 1143 speciem,
1051 1090 1182 1126 tamen
1233 1100 1307 1128 sno
1352 1086 1441 1144 jure
1480 1084 1676 1144 quispiam
1720 1084 1760 1127 in
1801 1084 1967 1129 dubium
2003 1083 2213 1133 vocaverit,
2250 1099 2347 1128 num
2380 1082 2419 1126 in
2453 1082 2598 1128 talibus

644 1163 1071 1224 eomprehensionibus
1115 1165 1465 1216 condicimialihuS,
1509 1165 1665 1225 qualem
1700 1166 1773 1209 lioc
1807 1165 1891 1209 loeo
1924 1165 2117 1209 contineri
2152 1164 2316 1214 voluerit
2351 1164 2411 1209 vir
2444 1164 2598 1218 doctus,

644 1245 877 1306 hypothesis
927 1260 997 1305 per
1047 1251 1294 1290 structuram
1345 1246 1623 1306 participialem
1681 1246 1848 1306 exprimi
1899 1246 2037 1307 possit.
2112 1245 2300 1291 Ceterum
2350 1246 2598 1291 Wentzelius

643 1325 944 1387 grannnaticam
989 1335 1027 1369 et
1070 1326 1235 1385 logicam
1270 1328 1522 1372 contundens
1555 1328 1657 1371 inter
1690 1343 1758 1371 eos
1792 1342 1882 1371 esse
1915 1328 2084 1378 videtur,
2119 1341 2223 1386 quos
2256 1327 2502 1387 Kruegerus‚
2537 1327 2597 1371 vir

644 1423 741 1451 sane
781 1405 925 1450 doctus
966 1415 1004 1450 et
1047 1407 1236 1465 prudens,
1283 1409 1322 1451 in
1365 1409 1422 1459 iis,
1469 1424 1572 1467 quae
1605 1409 1765 1467 syntaxi
1799 1423 1896 1452 suae
1930 1408 2155 1467 praemittit,
2193 1408 2521 1468 Vorerinnerung
2554 1410 2595 1459 2,

642 1488 822 1546 castigat.
880 1486 973 1530 Mihi
1006 1488 1167 1545 quidem
1203 1489 1363 1546 placuit,
1400 1497 1441 1532 ut
1477 1489 1515 1531 in
1550 1504 1686 1532 eornm
1721 1489 1917 1532 sententia
1951 1489 2237 1548 aquiescerem‚
2271 1488 2339 1547 qui
2363 1488 2598 1532 anaeolutha

643 1570 703 1613 liic
737 1574 980 1612 statuerunt.

768 1648 946 1690 l‘rimum
991 1656 1124 1692 antem
1167 1648 1393 1691 anacoluthi
1436 1664 1580 1693 caussa
1624 1665 1672 1692 cx
1706 1666 1752 1692 eo
1785 1657 1956 1708 petatur,
1993 1649 2101 1708 quod
2135 1649 2261 1692 fornia
2296 1648 2406 1692 verbi
2441 1649 2597 1707 passiva

642 1729 682 1771 in
732 1728 901 1771 activam
945 1736 1096 1772 mutata
1129 1735 1202 1770 est.
1269 1728 1295 1778 Ι,
1346 1728 1437 1778 134,
1470 1725 1824 1785 Ἐντυγχάνονῑες
1855 1724 1902 1771 δ’
1934 1724 2173 1785 ἀλλήλοισι
2208 1728 2254 1771 ἐν
2287 1731 2383 1785 τῇσι
2435 1727 2597 1782 ὁδοῖσι,

643 1811 757 1871 τῷδε
791 1810 846 1853 α”ν
878 1827 940 1857 τις
971 1808 1188 1864 διαγνοίη,
1224 1808 1266 1851 εἰ
1295 1807 1456 1863 ὁμοῖοί
1484 1807 1567 1851 eim
1602 1809 1644 1851 οἳ
1678 1811 2056 1864 συντυγχάνοντες.
2100 1809 2176 1852 Ab.
2212 1809 2371 1867 scripsit
2394 1810 2598 1864 Συντυγ-

638 1894 856 1948 χάνοντας
903 1905 976 1951 pro
1018 1884 1376 1945 Ἐντυγχιὲνοντες
1415 1897 1453 1932 et
1495 1888 1538 1932 οἳ
1571 1890 1937 1944 συντυγχάνοντες
1967 1889 2083 1933 uncis
2114 1889 2285 1934 inclusit.
2352 1888 2431 1933 Sed
2465 1889 2598 1933 obstat

643 1972 824 2016 codicum
859 1971 1098 2024 auctoritasy.
1136 1985 1226 2013 nam
1249 1971 1368 2029 quod,
1394 1971 1506 2014 Tom.
1534 1971 1559 2019 l,
1587 1984 1675 2029 pag.
1702 1971 1803 2019 375,
1829 1970 1940 2019 dixit,
1966 1970 2142 2014 codicem
2165 1970 2383 2015 Mediceum
2406 1970 2599 2031 praebere

644 2052 999 2108 ἐντυγχάνοντας,
1050 2051 1145 2110 ipse,
1195 2051 1307 2094 Tom.
1360 2052 1422 2101 ΙΥ,
1467 2066 1554 2111 pag.
1596 2055 1692 2102 198,
1728 2052 1915 2095 correxit.
1970 2052 2106 2104 Quare
2139 2051 2202 2095 hic
2233 2051 2283 2095 ad
2321 2051 2599 2111 explicandum

647 2133 771 2176 facilis
808 2133 919 2175 locus
953 2131 1137 2174 Abiclitio
1173 2146 1268 2174 sane
1302 2147 1380 2175 non
1415 2141 1498 2175 erat
1524 2132 1753 2181 mutandus,
1779 2132 1933 2176 etiamsi
1956 2131 2066 2175 verbi
2090 2130 2367 2189 ἐντυγχάνειν
2390 2132 2596 2191 significa-

646 2214 699 2257 tio
743 2214 803 2256 hic
847 2213 919 2255 alia
954 2220 1075 2270 atque
1110 2213 1153 2260 ll,
1203 2214 1279 2256 102
1314 2221 1349 2255 et
1385 2213 1449 2261 lv,
1500 2215 1577 2257 125
1612 2230 1701 2256 esse
1736 2213 1951 2257 videretur.
2019 2212 2257 2256 Benedictus
2289 2229 2451 2271 quoque
2483 2213 2597 2256 codi-

643 2308 710 2336 ces
744 2292 902 2337 violavit
936 2291 1008 2351 legi
1038 2290 1185 2350 jubenis
1212 2286 1596 2347 Ἕντυγχάνοντας,
1634 2294 1720 2338 Act.
1755 2294 1952 2338 Seminar.
1991 2293 2126 2337 Philol.
2164 2292 2272 2352 Lips.
2298 2293 2383 2338 Vol.
2410 2294 2454 2344 ll,
2483 2294 2595 2343 1).ΙΙ,

644 2388 734 2434 pag.
788 2375 890 2422 283,
943 2379 1048 2415 auct.
1098 2372 1232 2414 Schw.
1276 2370 1387 2415 Τοιιι.
1432 2373 1476 2423 V,
1521 2388 1635 2433 pagg.
1691 2375 1783 2426 145,
1828 2368 1926 2419 1146.
1993 2374 2126 2418 Scliw.
2160 2382 2198 2419 et
2232 2373 2319 2418 Joh.
2354 2374 2595 2425 existimant,

645 2453 981 2509 ἐντυγχάνοντες
1020 2452 1068 2495 ad
1115 2454 1156 2495 εἰ
1187 2452 1345 2507 ὁμοῖοί
1374 2455 1455 2495 εἰσι
1491 2481 1547 2485 -
1583 2456 1904 2499 commodissime
1939 2456 2087 2505 referri,
2122 2469 2244 2514 quam
2278 2456 2597 2514 conjunctionem

642 2534 787 2578 duram
837 2548 927 2576 esse
979 2533 1049 2576 Kr.
1088 2534 1178 2591 jure
1219 2534 1434 2578 contendit.
1500 2535 1596 2579 lllud
1634 2531 1990 2592 Ἐντυγχάνοντες
2031 2531 2276 2592 ἀλλήλοισι,
2311 2536 2418 2595 quod
2453 2536 2492 2580 in
2527 2552 2596 2580 se-

643 2622 795 2672 quente
829 2614 873 2656 οἳ
905 2628 1019 2657 συντ.
1055 2614 1235 2664 recurrit,
1274 2623 1422 2673 spectat
1459 2614 1506 2657 ad
1543 2615 1909 2671 διαγινωσκοίατο
1945 2617 1969 2661 Ι.
2003 2617 2108 2661 aliud
2143 2617 2280 2661 simile.

767 2694 918 2739 Deinde
940 2695 1109 2740 verbum
1132 2696 1434 2751 βουλεύεσθαι
1459 2695 1482 2738 l.
1507 2696 1628 2740 simile
1650 2712 1742 2741 cum
1765 2697 1961 2742 locutione
1984 2698 2046 2742 illa
2070 2697 2195 2743 δοκεῖ
2208 2715 2292 2756 μοι
2308 2706 2593 2750 commutatur,

647 2777 726 2826 vn,
777 2774 874 2826 177,
919 2771 1094 2818 ἅπαντα
1133 2778 1221 2835 γάρ
1254 2777 1622 2834 προσκεψάμενοι
1656 2782 1729 2820 καὶ
1762 2777 2131 2836 ἐπιλογισθέντες,
2167 2776 2232 2825 ὅτι
2266 2807 2327 2813 -
2361 2807 2419 2814 —
2452 2778 2595 2840 ἵππῳ,

646 2859 771 2914 ταύτῃ
796 2871 874 2912 σφι
898 2856 1024 2908 ἔδοξε
1048 2856 1262 2899 δέκεσθαι
1286 2858 1360 2899 τόν
1391 2855 1568 2899 ἐπιόντα
1598 2856 1665 2901 ἐπὶ
1698 2861 1775 2916 τήν
1798 2857 2005 2903 Ἑλλάδα.
2056 2859 2126 2903 Hic
2155 2861 2385 2906 nominativi
2414 2849 2598 2921 προσκε-

646 2941 848 2995 ψάμενοι
882 2948 922 2982 et
954 2937 1315 2994 ἐπίλογισθὲντες
1343 2937 1392 2980 ad
1429 2937 1596 2982 verbum
1628 2937 1948 2994 ἐβουλεύσαντο
1973 2941 1995 2985 Ι.
2020 2940 2308 2997 ἐψηφίσαντο,
2328 2943 2439 3002 quod
2463 2943 2596 3002 scrip-

642 3027 759 3064 turus
783 3029 869 3064 crat
892 3018 1131 3069 Herodotus,
1159 3026 1255 3063 sunt
1280 3018 1488 3062 referendi.
1524 3018 1710 3063 Similiter
1732 3021 1950 3079 explicetur
1973 3022 2073 3071 Vlll,
2101 3022 2172 3071 87,
2198 3027 2271 3065 καὶ
2296 3020 2322 3079 ἢ
2340 3019 2421 3065 οὐκ
2438 3022 2598 3078 ἔχουσα

641 3100 890 3156 διαφυγεῖν,
925 3100 1165 3158 ἔμπροσθε
1198 3102 1287 3158 γὰρ
1320 3126 1382 3132 -
1417 3126 1476 3131 —-
1509 3125 1569 3131 -—
1603 3098 1746 3150 ἐοῦσα,
1783 3100 1909 3152 ἔδοξέ
1942 3102 1983 3145 οἳ
2016 3101 2115 3145 τόδε
2149 3104 2346 3159 ποιῆσαι.
