2941 3765
1036 358 1086 393 De
1108 357 1318 393 nnwoluthis
1340 356 1552 393 Herodoteis.
2226 336 2283 385 47

314 468 463 523 λέγειν
512 469 621 509 τοῖσι
667 469 746 510 νῦν
785 466 844 510 ἔτι
879 465 999 511 ἐοῦσι
1020 456 1290 523 ἸΠελασγῶν
1322 494 1381 499 -
1414 492 1477 499 -
1511 492 1586 519 —-,
1623 465 1666 508 εἰ
1695 468 1885 508 τούτοισι
1917 465 2283 521 τεκμαιρόμενον

316 544 386 590 δεῖ
423 547 589 601 λέγειν,
634 572 705 589 -.
740 546 804 598 Vl,
849 550 946 600 432,
990 547 1172 605 αἰτήσας
1204 547 1249 590 δὲ
1285 554 1386 595 νέας
1418 573 1476 580 -—-
1513 573 1573 579 —
1609 573 1684 599 -—,
1720 542 1773 588 οὗ
1806 547 1983 601 φράσας
2014 571 2071 576 -
2110 571 2169 576 -
2206 571 2280 595 --,

315 621 435 669 ἀλλὰ
469 626 558 681 φὰς
588 652 649 658 -
684 652 755 677 -,
792 627 942 683 λέγων
974 630 1150 671 τοιαῦτα
1182 627 1297 670 αἴτεε
1330 628 1405 676 τοίς
1436 633 1551 680 νέας,
1585 640 1667 685 qua
1700 625 1750 669 de
1785 640 1828 669 re
1860 622 1931 668 cfr.
1968 623 2099 668 Madv.
2123 627 2149 677 S
2175 625 2280 668 216.

314 706 404 751 Iam
436 721 503 750 res
536 706 622 765 ipsa
655 720 727 765 per
760 721 803 750 se
835 707 1050 767 conspicua
1083 714 1157 759 est,
1194 722 1275 751 uon
1308 721 1450 751 omnes
1484 706 1603 757 locos,
1642 705 1710 750 ubi
1743 705 1875 765 aliqua
1909 713 1970 748 est
2004 704 2196 763 repetitio,
2230 702 2281 747 ad

237 829 240 832 ,
315 787 555 831 anacolutha
605 786 835 831 referendos
882 802 994 843 esse;
1027 802 1159 847 neque
1191 787 1297 831 enim
1331 786 1601 831 anaoolnthon
1636 792 1815 830 statuere
1849 785 1943 830 mihi
1979 785 2118 845 placet,
2153 799 2281 844 quum

316 883 363 911 ea
395 875 457 910 est
491 867 682 925 repetitio,
718 883 800 926 qua
834 869 942 911 nulla
974 869 1286 912 constructionis
1317 868 1560 927 permutatio
1593 868 1804 918 efficiatur,
1842 874 1886 910 ut
1920 867 2092 926 scriptor
2125 865 2177 908 ab
2200 880 2281 909 una

317 955 535 998 structura,
571 955 789 1007 antequam
822 948 863 991 in
897 949 1017 992 tinem
1052 948 1244 1008 perducta
1277 958 1350 998 est,
1386 949 1436 993 ad
1469 950 1636 992 alteram
1670 950 1723 992 ab
1752 949 1814 992 illa
1837 948 2038 991 diversam
2062 947 2279 990 transierit.

314 1028 452 1083 Quare
500 1027 661 1088 plurimi
707 1027 781 1072 loci
830 1027 1051 1080 Herodotei‚
1103 1029 1143 1073 in
1192 1029 1341 1089 quibus
1384 1029 1636 1089 epanalepsis
1669 1037 1742 1079 est,
1781 1028 1996 1087 legitimam
2030 1035 2280 1073 structuram

317 1109 432 1169 sequi
475 1115 681 1169 putentur,
724 1123 900 1169 quorum
941 1110 1041 1154 ratio
1081 1124 1127 1153 ea
1159 1125 1250 1155 esse
1283 1110 1418 1162 soleat,
1454 1118 1499 1156 ut
1532 1110 1681 1170 aliquid
1715 1117 1785 1155 aut
1820 1108 1961 1153 eadem
1994 1107 2124 1153 forma
2159 1122 2281 1167 repe-

318 1197 426 1234 tatur
467 1197 538 1233 aut
576 1189 648 1232 alia
702 1190 772 1233 sed
822 1190 927 1233 idem
960 1198 1081 1249 atque
1113 1191 1354 1234 antecedens
1387 1191 1630 1234 declarante.
1694 1190 1824 1249 Cujus
1858 1190 1914 1232 rei
1948 1189 2130 1249 exempla
2164 1188 2282 1231 nobis

317 1271 415 1315 satis
449 1271 500 1314 sit
532 1271 608 1314 hos
642 1271 749 1314 locos
782 1271 928 1314 afferre
961 1272 1008 1322 V,
1051 1274 1085 1321 l,
1122 1272 1165 1315 οἳ
1200 1275 1394 1320 Παίονες
1425 1273 1487 1316 bis
1521 1272 1709 1332 positum.
1767 1271 1814 1321 V,
1842 1272 1914 1320 62,
1942 1266 2281 1325 -Ἆλκμαιω-

317 1352 451 1394 νίὸαι.
519 1352 565 1401 V,
612 1355 684 1402 99,
714 1348 1037 1409 Ἀρισταγόρης.
1103 1353 1131 1402 l,
1169 1355 1240 1403 68,
1276 1351 1331 1394 ἄν
1363 1353 1563 1403 iteratum,
1599 1353 1671 1396 cfr.
1710 1352 1791 1401 Vll,
1840 1353 1920 1394 139
1954 1359 1993 1393 et
2029 1351 2100 1394 ΚΡ.
2136 1351 2164 1401 Ι,
2204 1353 2277 1400 69,

320 1431 358 1482 7,
413 1434 453 1475 3.
520 1432 584 1482 ΙΙΙ,
643 1434 742 1482 152,
786 1437 866 1474 καί
902 1432 1126 1492 repetitum.
1192 1432 1250 1475 De
1282 1439 1370 1488 μέν
1403 1439 1441 1475 et
1475 1431 1527 1474 δέ
1557 1432 1735 1493 repetitis
1769 1432 1872 1475 inti-a
1905 1431 2099 1476 dicemus.
2164 1431 2281 1484 Quae

317 1520 410 1556 ante
458 1512 562 1556 dicta
612 1521 706 1556 sunt
756 1512 829 1555 alia
878 1513 1103 1573 propinqua
1136 1513 1263 1556 forma
1305 1519 1396 1572 post
1430 1514 1603 1558 recurrit
1634 1515 1698 1565 111,
1744 1517 1841 1564 153,
1881 1539 1939 1544 —
1973 1514 2182 1570 Ζωπύρῳ
2218 1514 2281 1569 τῷ

317 1593 591 1650 Μεγαβύζου
640 1592 808 1647 τούτου,
860 1620 916 1626 -
959 1620 1019 1626 -
1060 1593 1210 1637 τούτου
1244 1595 1320 1636 τοῦ
1353 1594 1627 1651 Μεγαβύζου
1661 1594 1788 1638 παιδὶ
1819 1593 2030 1651 Ζωπύρῳ
2068 1619 2140 1635 -.
2175 1591 2277 1642 Vlll,

325 1676 422 1725 400,
475 1673 545 1718 ubi
595 1674 897 1731 λογισάμενος
928 1676 1059 1718 ταῦτα
1090 1673 1206 1718 iterat
1239 1688 1343 1733 quae
1375 1674 1621 1720 antecedunt
1655 1673 1802 1734 ὁρέων
1835 1677 1923 1730 μὲν
1956 1700 2017 1706 --
2055 1699 2129 1726 -,
2167 1670 2281 1715 ὕπο-

316 1754 491 1796 πτεύων
525 1754 571 1796 δὲ
605 1781 667 1786 -
701 1780 776 1807 —-,
810 1761 1050 1813 φροντίσας
1080 1781 1138 1786 -
1172 1781 1247 1808 -,
1282 1756 1353 1798 ΚΓ.
1386 1756 1414 1805 l,
1452 1758 1524 1805 65,
1563 1759 1604 1806 9,
1642 1758 1683 1799 2.
1728 1757 1773 1807 ΙΙ,
1819 1758 1884 1806 15,
1921 1754 1981 1798 Εἰ
2008 1750 2074 1797 (ὃν
2107 1753 2281 1811 βουλό-

316 1838 448 1889 μεθα
494 1835 707 1891 γνώμῃσι
756 1838 853 1891 τῇσι
891 1831 1057 1877 Ἰιόνων
1098 1838 1304 1891 χρᾶσθαι
1354 1863 1411 1868 -
1455 1862 1514 1867 --
1560 1863 1634 1889 -,
1668 1838 1778 1895 quod
1812 1837 1915 1879 infra
1950 1836 2007 1879 sic
2040 1835 2281 1895 exprimitur

317 1910 715 1971 (ἀποδεικνύοιμεν
749 1912 823 1971 ἂν)
859 1916 995 1975 τούτῳ
1028 1919 1092 1976 τῴ
1122 1916 1248 1974 λόγῳ
1277 1917 1524 1974 χρεόμενοι
1559 1945 1617 1949 -
1654 1945 1728 1961 —.
1764 1918 1831 1962 Sic
1865 1917 2094 1962 enunciatio
2128 1931 2281 1960 secun-

316 1996 426 2040 daria
469 1997 509 2040 in
544 2003 791 2041 structuram
825 1996 1105 2056 participialem
1137 1997 1233 2041 abiit
1265 1997 1330 2049 lv,
1373 1999 1481 2053 122,
1518 1998 1564 2049 V,
1610 2001 1716 2053 1453
1754 1999 1818 2050 Vl,
1857 1999 1938 2053 76,
1973 2005 2115 2040 contra
2149 1997 2282 2056 parti-

316 2077 466 2138 cipialis
500 2075 707 2121 structura
741 2078 935 2138 repetitur
968 2077 1244 2122 enunciatione
1278 2079 1516 2123 secundaria
1543 2079 1622 2132 Vll,
1654 2080 1725 2130 43,
1754 2079 1853 2130 init„
1880 2092 2143 2138 quamquam,
2169 2078 2281 2137 quod

316 2159 450 2203 minus
499 2158 645 2201 mirum
695 2158 889 2210 videatur,
941 2158 1016 2201 illic
1064 2158 1290 2218 subjectum
1330 2167 1392 2203 est
1435 2163 1512 2204 τοῦ
1554 2162 1742 2218 στρατοῦ
1775 2160 1837 2203 hic
1873 2160 2059 2220 Ξέρξης.
2094 2184 2155 2190 ——
2190 2158 2281 2202 Una

315 2241 537 2299 eademque
585 2239 783 2283 sententia
831 2240 944 2284 aliter
991 2248 1050 2283 est
1100 2254 1291 2299 expressa
1335 2241 1454 2285 etiam
1488 2242 1533 2291 ll,
1571 2243 1644 2291 26,
1682 2240 1725 2284 εἰ
1754 2241 1800 2283 δὲ
1837 2240 1864 2297 ἤ
1898 2243 2049 2288 στάσις
2084 2238 2282 2297 ἤλλακτο

316 2325 406 2365 τῶν
439 2320 613 2379 αἱρέων,
647 2347 708 2354 —-
743 2348 801 2353 —
836 2348 912 2375 —,
948 2320 990 2364 εἰ
1017 2323 1147 2382 ταῦτα
1178 2316 1292 2364 οῧιω
1326 2318 1429 2377 εἶχε,
1462 2321 1536 2365 cfr.
1570 2322 1598 2372 Ι,
1638 2321 1717 2376 57,
1751 2322 1780 2372 Ι,
1819 2325 1900 2375 69,
1924 2322 1970 2372 ΙΙ,
2001 2321 2081 2375 43,
2105 2322 2169 2372 lll,
2198 2322 2281 2375 34,

315 2403 381 2454 lv,
436 2402 515 2456 78,
563 2401 609 2451 V,
647 2405 728 2457 99,
767 2403 812 2453 V,
856 2404 953 2451 1105,
989 2401 1096 2455 init.;
1134 2401 1233 2451 Vlll,
1270 2401 1343 2446 67.
1409 2400 1517 2445 Sunt
1548 2416 1713 2462 quoque
1744 2401 1852 2461 apud
1885 2401 2136 2446 Herodotum
2169 2417 2280 2445 non-

316 2484 425 2529 nulla
473 2483 667 2542 exempla,
718 2483 758 2526 in
806 2483 956 2541 quibus
996 2482 1213 2541 particulae
1245 2497 1326 2526 non
1359 2482 1522 2526 eaedem
1557 2482 1628 2526 sed
1662 2482 1748 2526 aliis
1781 2490 1823 2526 at
1856 2484 2040 2543 cognatis
2072 2483 2282 2543 particulis

315 2565 523 2614 iterentur,
560 2565 624 2615 lll,
662 2563 688 2609 7
699 2567 734 2614 4,
769 2590 829 2595 -
864 2560 929 2607 ὅτι
965 2590 1022 2595 -
1058 2590 1132 2616 ——,
1167 2561 1229 2610 ὥς
1264 2589 1335 2617 —,
1367 2563 1438 2607 cfr.
1471 2563 1540 2615 lx,
1567 2566 1609 2607 6.
1635 2589 1695 2595 —-
1719 2564 1821 2616 Vlll,
1849 2564 1921 2615 76,
1949 2590 2006 2596 -
2032 2562 2096 2613 (ὅς
2118 2591 2177 2596 —
2204 2590 2280 2618 —,

314 2645 390 2687 ἵνα
440 2671 514 2686 —-.
565 2646 592 2695 1,
646 2647 749 2695 209,
796 2670 853 2675 —
904 2640 1022 2691 ὅκως
1054 2669 1112 2675 -
1147 2669 1221 2698 -,
1256 2642 1329 2691 ὥς.
1393 2643 1637 2703 Saepissime
1670 2652 1806 2689 autem
1840 2644 1892 2688 ad
1926 2645 1980 2688 ita
2015 2644 2280 2704 repetendum

315 2734 569 2786 usurpantur
586 2725 852 2786 pronomina,
888 2724 1082 2786 imprimis
1113 2724 1474 2770 demonstrativum
1500 2718 1647 2778 οὗτος,
1681 2732 1721 2769 et
1743 2724 1936 2770 adverbia
1959 2724 2279 2771 demonstrativa

315 2805 526 2860 ἐνθαῦτα,
573 2801 702 2860 οὕτω,
748 2808 798 2850 τό
842 2805 1063 2858 ἐνθεῦτεν,
1097 2807 1203 2848 τότε.
1269 2803 1377 2849 Satis
1410 2804 1460 2849 sit
1494 2803 1641 2849 afferre
1673 2805 1701 2857 1,
1740 2808 1799 2852 82
1835 2806 1919 2857 fin„
1954 2812 2051 2862 μίν,
2101 2806 2174 2850 etr.
2214 2806 2279 2858 111,

323 2889 421 2937 126,
472 2888 566 2940 fin.;
615 2888 682 2937 lv,
729 2891 801 2938 81,
845 2887 915 2930 fin.
950 2887 1013 2936 Vl,
1054 2887 1123 2935 46,
1161 2893 1310 2940 σφέας,
1343 2886 1416 2928 cfr.
1452 2885 1687 2946 Vll,1147.
1756 2887 1837 2936 Vll,
1891 2887 1988 2936 497,
2034 2884 2092 2929 οἷ.
2138 2887 2168 2937 Ι,
2206 2889 2279 2938 32,

315 2963 497 3012 αὐτέων.
544 2967 629 3014 Cfr.
664 2968 737 3012 ΚΡ.
773 2969 821 3020 ΙΙ,
860 2971 931 3020 5-1,
969 2971 1008 3018 5,
1051 2970 1087 3011 l.
1131 2967 1177 3018 ll,
1217 2966 1287 3018 47,
1322 2970 1423 3024 περὶ
1456 2961 1608 3020 αὐτοῦ,
1641 2966 1714 3010 cfr.
1749 2968 1795 3019 ll,
1826 2968 1898 3011 48.
1944 2968 1992 3019 V,
2021 2970 2092 3019 62,
2119 2994 2178 3000 -—
2203 2970 2281 3011 τόν

315 3051 426 3105 νηόν
460 3076 519 3082 -
555 3076 612 3082 ——
649 3076 724 3103 —,
758 3053 912 3093 τοῦτον
947 3076 1018 3091 -.
1051 3050 1097 3099 ΙΙ,
1129 3048 1227 3098 124,
1255 3072 1313 3078 —
1338 3046 1386 3089 ἐκ
1408 3050 1497 3089 τιῦν
1518 3048 1833 3103 λιθοτομιέων
1856 3075 1918 3080 -
1941 3075 2017 3103 -,
2041 3049 2090 3091 ἐκ
2112 3049 2283 3092 τούτων

315 3137 355 3174 et
400 3130 533 3190 paullo
581 3129 684 3174 infra
729 3133 843 3188 πρὸς
873 3132 921 3174 τό
955 3131 1155 3187 Λιβυκὸν
1186 3130 1468 3184 καλεύμενον
1500 3124 1647 3186 οὖρος,
1681 3133 1797 3189 πρός
1827 3135 1955 3174 τοῦτο
1991 3157 2066 3173 -.
2100 3132 2164 3181 lll,
2205 3132 2277 3181 45,
