2941 3765
982 315 1032 347 De
1054 314 1266 347 anacoluthis
1288 314 1504 347 Herodoteis.
2168 298 2225 339 59

262 421 462 480 potuisset
509 426 583 463 καὶ
632 421 687 478 δὴ
735 427 810 465 καὶ
860 425 1102 476 Συλοσῶν,
1144 433 1257 481 'quae
1290 429 1499 466 structura
1530 436 1554 464 a
1586 421 1758 464 dictione
1791 420 2016 464 Herodotea
2048 436 2130 464 non
2163 429 2227 464 est

264 502 404 553 aliena,
439 508 485 545 ut
517 516 567 544 ex
601 502 629 552 Ι,
666 505 737 554 29,
775 499 1058 546 ἀπικνέονται
1092 529 1152 535 -
1188 529 1249 534 —
1283 500 1418 545 ἄλλοι
1441 519 1483 545 τε
1508 502 1551 545 οἳ
1573 504 1731 549 πάντες
1752 527 1811 533 --
1837 506 2041 554 σοφισταὶ
2066 527 2123 533 —
2149 526 2225 554 -—-‚

263 585 339 625 καὶ
372 580 426 638 δὴ
461 585 534 625 καὶ
568 581 737 626 Σόλων
770 596 857 637 —,·
890 584 955 636 111,
992 586 1074 639 '643
1109 584 1173 635 111,
1213 585 1295 638 623
1330 582 1417 627 aliis
1448 582 1546 627 locis
1578 590 1743 641 apparet
1764 582 1824 637 ⁸).

387 660 719 718 Nonnumquam
765 667 905 709 autem
943 665 1132 721 scriptor
1174 677 1306 708 unum
1350 675 1402 708 ex
1434 661 1596 708 duobus
1628 662 1838 707 orationis
1870 660 2084 716 membris,
2118 674 2226 718 quae

264 744 380 786 inter
420 755 466 786 se
507 744 768 798 respondere
808 744 1024 800 debebant,
1054 746 1274 801 neyliyens
1307 746 1629 800 consequentem
1661 744 1898 787 orationem
1930 743 1994 785 ita
2025 742 2225 795 instituit,

265 827 311 867 ut
358 823 542 867 alterum
589 824 821 868 membrum
869 840 975 869 novo
1016 830 1139 882 atque
1185 826 1238 869 ab
1279 826 1353 869 illo
1394 826 1582 876 diverso·
1607 825 1874 879 respondeat.
1938 823 1997 866 lta
2033 823 2080 873 V,
2124 823 2222 872 ⁴⁴7,

266 907 493 960 Δαυρίσης
530 905 619 957 μὲν
660 930 721 937 -
755 931 811 936 -
849 902 939 948 εἷλε
971 910 1057 962 μὲν
1088 905 1346 963 Δάρδανον,
1381 902 1474 947 εἷλε
1507 903 1553 947 δὲ
1587 931 1647 937 -
1683 930 1741 936 —
1774 903 1903 962 capite
1935 903 2097 947 demum
2139 904 2223 948 122

265 982 493 1027 membrum
534 982 657 1028 habet
696 986 947 1045 respondens
974 984 1142 1044 (Υμέης
1174 986 1219 1030 δὲ
1254 1013 1316 1019 —
1350 1012 1409 1018 —
1446 1013 1504 1019 —-
1540 982 1632 1029 εἷλε
1668 989 1782 1028 Κίον
1816 986 1891 1040 τήν
1924 985 2119 1041 Μυσίην,
2154 982 2224 1027 sed

264 1061 343 1107 hoc
374 1056 600 1124 'opponitur
641 1066 822 1125 proxime
854 1066 1194 1118 antecedentibus,
1229 1081 1315 1127 cap.
1360 1067 1457 1118 121,
1476 1059 1615 1118 ,οὗτοι
1649 1070 1737 1121 μέν
1771 1081 1849 1107 νυν
1881 1067 1971 1107 ταῖν
2006 1067 2222 1122 Περσέων

266 1139 382 1187 οὕτω
432 1143 766 1202 διεφθάρησαν.
832 1148 915 1198 Vll,
975 1150 1070 1198 121,
1107 1154 1239 1204 μέχρι
1274 1151 1360 1202 μὲν
1394 1150 1484 1206 γὰρ
1510 1143 1736 1190 Ἀκάνθου
1770 1139 1861 1188 (ὁδε
1894 1152 2166 1200 τεταγμένος
2198 1142 2226 1188 ὅ

266 1226 450 1281 στρατός
481 1223 529 1267 ἐκ
562 1230 789 1283 Δορίσκου
823 1229 898 1283 τήν
932 1225 1041 1271 ὁδόν
1073 1226 1280 1271 ἐποιέετο.
1346 1228 1391 1271 ln
1426 1227 1692 1286 sequentibus
1725 1225 1953 1270 Herodotus
1986 1225 2027 1268 in
2060 1224 2220 1268 itineri-

266 1304 345 1375 bus
398 1303 604 1363 copiarum
654 1306 854 1350 navalium
903 1306 1176 1350 describendis
1224 1307 1478 1366 potissimum
1522 1314 1721 1357 versatur,
1758 1321 1880 1365 quam
1915 1304 2225 1364 descriptionem

266 1403 353 1447 cap.
413 1389 495 1433 124
545 1388 599 1429 ita
640 1387 843 1431 concludit
878 1385 922 1429 Ὁ
955 1390 1042 1441 μὲν
1074 1386 1129 1443 δὴ
1164 1390 1366 1435 ναυτικός
1396 1389 1581 1445 στρατός
1611 1384 1744 1429 αὐτοῦ
1776 1392 1878 1444 περὶ
1905 1384 2052 1437 Ἀξιόν
2084 1400 2225 1427 ποτα-

266 1472 360 1524 μόν
408 1496 470 1501 -
520 1495 577 1500 -
629 1495 687 1501 -
738 1466 1137 1527 ἐστρατοπεδεύετο,
1185 1468 1301 1527 cujus
1342 1466 1589 1510 contrarium
1631 1467 1805 1525 Ξέρξης
1843 1466 1890 1509 δὲ
1923 1471 1999 1509 καὶ
2032 1464 2060 1509 ὅ
2092 1467 2226 1515 πεζός

266 1551 448 1607 στρατός
478 1546 711 1608 ἐπορεύετο
744 1546 793 1590 ἐκ
826 1549 901 1606 τῆς
926 1543 1149 1591 Ἀκάνθου
1181 1549 1259 1605 τήν
1290 1549 1546 1604 μεσόγαιαν
1578 1549 1765 1603 τάμνων
1794 1550 1868 1605 τῆς
1900 1546 2026 1601 ὁδοῦ,
2050 1546 2224 1604 βουλό-

264 1643 404 1686 μενος
433 1627 475 1677 ἐς
514 1631 590 1687 τὴν
624 1630 811 1688 Θέρμην
844 1624 1090 1671 ἀπικέσθαι
1123 1627 1302 1671 membro
1334 1627 1397 1679 iili,
1432 1626 1542 1687 quod
1575 1627 1616 1670 in
1649 1641 1736 1687 cap.
1778 1629 1856 1672 ’121
1899 1635 1973 1681 cst,
2010 1643 2226 1689 opponen-

266 1710 362 1753 dum
396 1717 495 1752 erat.

389 1790 466 1833 Fit
498 1801 660 1846 quoque
692 1790 811 1845 apud
841 1789 1119 1842 Herodotum,
1150 1792 1198 1831 ut
1229 1802 1279 1831 ea
1310 1791 1603 1844 respondendi
1633 1792 1759 1844 ratio,
1783 1804 1890 1845 quae
1913 1790 2076 1834 duobus
2098 1804 2228 1833 mem-

265 1870 357 1915 bris
398 1872 598 1916 instituta
631 1873 738 1924 erat,
772 1869 982 1923 turbetur,
1014 1883 1140 1925 quum
1171 1870 1353 1913 alterum
1386 1870 1619 1914 membrum
1649 1884 1737 1914 non
1772 1873 1848 1915 toti
1881 1872 1958 1915 uni
1989 1872 2067 1915 sed
2096 1871 2230 1914 alicui

266 1954 432 1994 tantum
479 1951 574 2004 ejus
612 1951 734 2007 parti
773 1951 1041 2006 respondeat.
1104 1949 1232 2010 Cujus
1263 1950 1422 2009 generis
1455 1949 1638 2010 exempla
1670 1950 1770 1994 haec
1803 1950 1884 1995 duo
1917 1951 2049 1995 inveni
2083 1951 2112 2002 l,
2151 1953 2224 2001 65,

264 2033 314 2074 το“
357 2031 404 2074 δὲ
445 2031 504 2073 ἔτι
548 2032 767 2088 πρότερον
798 2032 968 2072 τούτων
999 2034 1072 2072 καὶ
1105 2029 1479 2084 κακονομώτατοι
1515 2026 1629 2086 ἦσαν
1662 2030 1824 2086 σχεδόν
1857 2033 2038 2074 πάντων
2066 2029 2229 2088 Ἑλλή-

370 2220 406 2263 ⁸)
436 2218 529 2255 Sunt
567 2221 686 2253 autem
724 2217 804 2262 loci,
840 2231 929 2265 quos
963 2219 1008 2254 ab
1041 2218 1221 2254 nonnullis
1248 2217 1442 2254 editoribus
1467 2230 1595 2266 parum
1624 2222 1722 2255 recte
1749 2218 1807 2254 hic
1834 2218 2025 2255 collocatos
2051 2231 2226 2264 censeam,

263 2284 309 2326 11,
352 2281 440 2325 171,
482 2279 578 2332 περὶ
612 2279 686 2329 μέν
718 2293 784 2319 νυν
810 2279 961 2319 τούτων
986 2278 1115 2321 εἰδότι
1143 2294 1213 2330 μοι
1241 2278 1314 2318 ἐπὶ
1343 2279 1480 2329 πλέον,
1509 2278 1564 2327 ὡς
1590 2278 1743 2320 ἕκαστα
1770 2277 1901 2339 αὖτῷν
1926 2277 2021 2330 ἔχει,
2049 2278 2228 2331 εὔστομα

263 2341 434 2384 κείσθω.
489 2345 531 2382 Η.
571 2344 595 2381 l.
633 2345 700 2382 Lh.
741 2345 829 2382 duas
864 2345 1064 2393 explicandi
1097 2344 1251 2381 rationes
1285 2345 1491 2393 proposuit3
1525 2358 1607 2382 nam
1635 2345 1853 2382 contrarium
1880 2345 2126 2393 quaerendum
2152 2358 2228 2383 ene

263 2411 365 2456 putat
391 2411 453 2444 aut
480 2419 526 2443 ex
552 2404 659 2459 πλὴν
685 2403 780 2445 ὅσον
806 2402 928 2459 αὐτῆς
954 2403 1048 2460 ὁσίη
1075 2403 1162 2446 ἐστὶ
1183 2403 1324 2456 λέγειν,
1343 2406 1441 2454 quod
1458 2406 1555 2443 infra.
1572 2407 1717 2455 legitur,
1736 2412 1800 2444 aut
1816 2421 1861 2445 ex
1878 2409 1981 2445 initio
1999 2409 2127 2459 capitis
2144 2422 2228 2446 con-

263 2470 445 2517 sequentis
462 2465 642 2521 Ἀπριέω
666 2467 712 2508 δὲ
739 2462 816 2508 ὧδε
842 2467 1185 2522 καταραιρημένου
1210 2464 1448 2518 ἐβασίλευσε
1462 2467 1650 2519 Ἄμασις.
1689 2473 1808 2519 Atque
1833 2473 1925 2508 hanc
1942 2472 2226 2520 explicationem,

263 2545 356 2580 quae
382 2532 561 2579 Kruegeri
588 2545 732 2579 quoque
758 2536 825 2576 est,
853 2533 907 2568 illi
933 2532 1199 2581 praeferendam
1226 2531 1400 2575 existimo,
1428 2533 1514 2579 quia
1541 2531 1649 2585 πλὴν
1673 2530 1770 2572 ὅσον
1798 2557 1847 2563 --
1873 2558 1925 2563 --
1951 2558 1998 2563 -
2016 2535 2110 2571 nihil
2127 2536 2228 2572 aliud

263 2594 408 2642 respicit
434 2594 502 2630 nisi
528 2594 577 2638 id,
605 2595 701 2642 quod
726 2595 881 2643 scriptor
907 2595 952 2630 de
980 2594 1118 2630 Cereris
1144 2594 1252 2629 sacris
1277 2593 1400 2641 paullo
1426 2606 1536 2642 supra
1563 2595 1665 2639 dixit,
1694 2594 1763 2634 καὶ
1792 2599 1864 2649 τῆς
1880 2593 2097 2650 Δήμητρος
2113 2594 2227 2634 τελε-

263 2660 334 2709 τῆς
367 2653 464 2707 πέρι
494 2680 541 2685 -—
572 2680 619 2686 —
649 2679 697 2686 —
724 2670 797 2706 μοι
829 2679 873 2685 —-
903 2653 1078 2705 εὔστομα
1103 2654 1273 2703 κείσθω,
1301 2657 1399 2702 quod
1424 2657 1545 2704 pot-ius
1572 2671 1651 2694 cum
1678 2660 1970 2696 antecedentibus
1995 2662 2227 2707 conjunctum

263 2733 369 2766 quam
410 2720 455 2756 iis
494 2720 694 2766 oppositum
734 2720 890 2755 voluisse
917 2720 1060 2756 videtur
1092 2718 1305 2753 Herodotus.
1360 2719 1441 2755 vn.
1475 2719 1539 2764 49,
1569 2719 1604 2764 1,
1629 2720 1667 2765 2,
1696 2717 1787 2759 οὒτε
1812 2720 1888 2773 γὰρ
1913 2724 1985 2773 τῆς
2010 2719 2229 2774 θαλάσσης

265 2776 356 2820 ἐστὶ
397 2778 519 2834 λιμὴν
557 2783 750 2828 τοσοῦτος
789 2776 1006 2831 οἰδαμόθι,
1046 2802 1098 2809 —-
1139 2802 1186 2808 —-
1220 2802 1273 2807 —
1301 2792 1361 2818 —·.
1388 2778 1437 2834 γὴ
1463 2779 1514 2835 δὴ
1540 2779 1720 2835 πολεμίη
1748 2780 1844 2837 τῇδέ
1870 2796 1935 2823 τοι
1963 2775 2226 2823 anatinam

265 2845 323 2881 Sic
361 2845 426 2881 Kr.
463 2849 499 2880 et
532 2846 599 2881 Ab.
634 2844 871 2891 Wesselingio
898 2845 1068 2880 suadente
1093 2844 1229 2890 legunt,
1256 2856 1364 2891 quam
1391 2845 1606 2892 scripturam
1632 2858 1726 2881 unus
1753 2847 1865 2882 codex
1891 2848 2048 2884 exhibet.
2101 2848 2228 2894 Neque

262 2920 351 2944 vero
392 2907 509 2952 video,
550 2921 614 2944 cur
648 2907 835 2956 &ulgatum
861 2908 953 2944 illud
978 2904 1034 2956 δέ,
1061 2907 1158 2955 quod
1182 2908 1256 2943 sere
1282 2921 1406 2944 omnes
1432 2909 1517 2945 libri
1542 2910 1676 2946 habent
1702 2911 1871 2958 quodque
1913 2911 2042 2959 reliqui
2073 2911 2228 2948 editores

262 2974 487 3019 receperunt,
529 2983 670 3007 necesse
708 2971 767 3015 sit,
804 2971 1042 3019 repudiamus.
1095 2971 1315 3018 Quamquam
1350 2970 1413 3016 St„
1442 2972 1608 3009 lacunam
1635 2985 1712 3009 esse
1735 2977 1817 3021 post
1842 2974 2055 3010 vocabulum
2083 2970 2143 3026 γή,
2170 2986 2228 3010 su-

262 3036 441 3083 spicatur-3
469 3046 587 3081 neque
616 3046 713 3077 vero,
741 3035 826 3071 licet
850 3036 947 3071 haud
973 3036 1049 3071 sine
1076 3035 1231 3083 pondere
1258 3035 1331 3070 sint
1355 3041 1581 3082 argumenta,
1609 3049 1702 3084 quae
1728 3037 1863 3081 attulit,
1890 3037 2020 3080 locum,
2046 3037 2092 3073 ad
2121 3049 2228 3084 quem

262 3099 358 3134 infra
384 3101 617 3142 revertemur,
644 3097 689 3134 ad
716 3098 782 3134 hoc
808 3098 1100 3134 anacoluthorum
1126 3110 1238 3145 genus
1264 3099 1399 3134 referre
1425 3113 1534 3135 ausus
1561 3114 1651 3136 sum,
