2941 3765
600 312 655 357 ⁴'0
1428 330 1461 363 S.
1489 330 1527 363 E.
1551 330 1738 364 Melander.

594 442 670 483 καὶ
717 441 796 484 τοῦ
838 436 1181 497 Ἑλλησπόντου,
1231 437 1300 484 ubi
1340 438 1536 486 articulus
1569 454 1732 500 quoquc
1764 437 1990 488 communis
2024 436 2154 484 factus
2187 443 2262 483 est.
2327 435 2564 496 sequantur

596 521 645 573 V,
692 520 762 571 42,
809 516 862 578 ἧν
906 535 948 563 τε
982 515 1035 563 οὗ
1069 519 1292 581 φρενήρης
1324 517 1589 582 ἀκρομανής
1618 536 1675 564 τε.
1741 519 1769 572 l,
1807 520 1879 570 22,
1918 545 1975 552 —
2012 516 2123 562 ἰδών
2154 533 2195 562 τε
2231 520 2384 576 σωρόν
2415 523 2564 574 μέγαν

595 607 715 644 σίτου
748 607 997 656 κεχυμένον
1030 605 1105 642 καὶ
1137 604 1237 649 τούς
1270 598 1546 660 ἀνθρώπους
1578 600 1625 643 ἐν
1659 596 1924 657 εὐπαθείῃσι
1958 598 2118 647 ἐόντας.
2184 600 2212 650 l,
2255 602 2354 650 405,
2390 626 2452 631 —
2485 599 2563 641 λέ·-

594 688 730 739 γουσί
775 697 814 725 τε
866 708 928 714 --
972 709 1032 715 -
1068 681 1144 724 διὰ
1178 685 1304 726 τοῦτο
1340 697 1480 738 σφεας
1513 689 1697 735 νοσέειν,
1731 686 1806 725 καὶ
1839 679 1954 739 ὁρᾶν
1986 706 2043 714 -
2080 682 2180 730 τοῠς
2211 676 2566 736 ἀπικνεομένους

596 789 655 795 -
691 789 766 805 -.
832 762 881 805 H.
916 763 941 805 l.
975 762 1205 806 Herodotus
1238 766 1418 818 λέγουσι
1452 763 1515 805 alii
1548 763 1672 806 verbo
1704 762 1965 822 oppositurus
1998 761 2048 804 ad
2081 775 2169 804 eam
2202 761 2441 804 sententiam
2463 776 2562 805 ora-

595 845 745 889 tionem
786 844 965 894 deduxit,
1008 857 1132 900 quam
1173 844 1375 902 expressit
1409 845 1486 887 Ab.
1530 845 1615 887 Die
1648 844 1836 898 Skytken
1869 843 2099 895 bem-laten,
2132 844 2237 885 dasz
2269 857 2348 885 aus
2384 844 2462 885 der
2495 857 2563 885 er-

596 924 800 969 wdlmten
855 923 1048 968 Ursacke
1080 923 1211 968 sowol
1241 924 1305 968 sie
1339 924 1460 979 (dort
1492 925 1539 968 in
1571 924 1825 980 Palaistine)
1858 922 1998 966 krank
2030 923 2222 976 wurden,
2254 922 2321 967 als
2354 923 2462 967 auch
2495 923 2564 966 die

595 1004 843 1049 Reisenden
892 1003 959 1047 bei
1006 1004 1137 1047 {lmen
1187 1005 1258 1059 (in
1305 1004 1444 1048 ihrem
1493 1003 1672 1059 Laude)
1723 1003 1791 1047 die
1838 1007 2132 1059 soyenannten
2180 1001 2362 1061 ἐναρέας
2397 1002 2564 1057 finden.

594 1085 745 1130 Durior
790 1083 953 1144 quidem
994 1084 1091 1128 haec
1134 1084 1374 1144 permutatio
1408 1084 1566 1130 videtur
1600 1085 1627 1136 l,
1671 1087 1768 1135 1153,
1791 1070 1864 1116 ’--
1900 1078 1979 1126 ἐπ’
2012 1081 2089 1132 οὓς
2122 1082 2268 1138 ἐπεῖχέ
2298 1099 2340 1127 τε
2377 1097 2564 1140 στρατη-

595 1167 770 1211 λατέειν
812 1160 952 1216 αὗτὸς,
988 1163 1059 1208 ἐπὶ
1093 1164 1138 1208 δὲ
1160 1162 1321 1214 Ἴωνας
1353 1164 1497 1209 ἄλλον
1528 1172 1724 1221 πέμπειν
1758 1162 2018 1224 στρατηγόν.
2084 1164 2157 1208 Est
2190 1172 2325 1208 tamen
2359 1163 2419 1207 vis
2452 1164 2565 1208 verbi

596 1246 739 1304 ἐπεῖχε
780 1253 922 1291 contra
962 1244 1174 1290 consilium
1219 1245 1450 1292 institutum
1494 1246 1545 1291 ad
1577 1247 1746 1292 alterum
1779 1260 1943 1306 quoque
1977 1244 2205 1290 membrum
2239 1242 2309 1288 ἐπὶ
2331 1241 2490 1293 Ἴωνας
2521 1239 2563 1287 ἆ.

598 1345 644 1372 π.
676 1320 733 1371 μσ.
784 1327 983 1372 traducta.
1049 1326 1232 1371 Alterum
1283 1328 1406 1386 huJ'us
1439 1329 1609 1388 exempli
1642 1312 1910 1373 anacoluthon
1943 1342 2019 1371 suo
2052 1326 2137 1370 loco
2169 1325 2564 1370 commemorabitur.

599 1411 627 1460 l,
686 1411 785 1459 1188,
837 1434 898 1439 —
942 1406 1098 1462 ἔχοντα
1138 1422 1181 1449 τε
1226 1410 1303 1449 τοῦ
1344 1410 1509 1466 πατρός
1540 1411 1616 1451 τοῦ
1649 1408 1817 1451 ἑωυτοῦ
1849 1406 2049 1472 τοζὲνομα
2082 1407 2345 1463 Λαβυνήτου
2379 1410 2454 1448 καὶ
2486 1408 2566 1463 την

591 1485 835 1548 Ἀσσυρίων
877 1485 1031 1545 ἀρχήν.
1096 1489 1143 1538 ll,
1198 1490 1264 1538 112,
1302 1515 1361 1520 —
1396 1488 1507 1531 ἰδών
1541 1506 1582 1532 τε
1617 1492 1696 1547 τήν
1729 1490 1958 1545 Αἴγυπτον
1991 1514 2050 1520 -
2087 1514 2146 1519 —
2180 1514 2256 1541 —,
2290 1487 2354 1532 cui
2388 1502 2564 1546 respon-

599 1570 694 1614 dere
735 1571 849 1628 πρὸς
890 1569 936 1612 δὲ
979 1596 1040 1602 --
1082 1570 1161 1626 τὴν
1206 1569 1433 1624 Αἴγυπτον
1466 1596 1527 1602 -
1561 1578 1668 1614 recte
1701 1569 1981 1637 animadvertit
2015 1569 2103 1620 Lh„
2139 1568 2209 1627 qui
2242 1568 2393 1619 statuit,
2429 1568 2563 1612 Hero-

599 1649 694 1695 doto
743 1648 853 1694 ἶὸαἱν
900 1666 943 1692 τε
994 1648 1185 1694 scribenti
1225 1649 1487 1694 obversatum
1530 1665 1620 1694 esse.
1653 1654 1728 1694 καὶ
1760 1651 2049 1707 σκεψάμενος
2080 1649 2105 1695 l.
2141 1648 2267 1694 simile
2298 1648 2409 1708 quid.
2474 1648 2564 1693 Joll.

599 1731 651 1774 ad
694 1733 807 1789 προς
849 1729 900 1772 δέ
938 1729 1118 1789 intelligit
1153 1728 1276 1771 ἰδών.
1342 1729 1401 1772 De
1441 1730 1504 1773 illo
1541 1738 1584 1773 τέ
1615 1756 1677 1762 —-
1712 1731 1762 1773 δέ
1793 1729 1896 1773 infra
1929 1729 1998 1773 fiet
2030 1730 2227 1789 quaestio.
2293 1730 2357 1781 ΙΙΙ,
2395 1732 2467 1780 61,
2505 1755 2564 1761 -

599 1812 775 1867 μαθών
822 1825 865 1852 τε
914 1812 991 1851 τόν
1040 1808 1272 1866 Σμέρδιος
1305 1807 1506 1852 θάνατον
1541 1838 1600 1843 -—
1635 1837 1709 1864 —,
1743 1815 1817 1853 καὶ
1851 1809 1913 1858 ὥς
1944 1807 2093 1865 ὄλίγοι
2129 1806 2243 1866 ἦσαν
2277 1835 2333 1841 -
2371 1836 2443 1852 -.
2481 1810 2562 1860 Vll,

607 1891 706 1941 497,
759 1887 822 1938 ὥς
868 1889 1031 1932 θύεταί
1076 1906 1117 1932 τε
1167 1887 1396 1945 ἐξηγέοντο
1431 1898 1655 1946 στέμμασι
1689 1894 1777 1938 πᾶς
1808 1891 2056 1938 πυκασθεὶς
2086 1895 2160 1932 καὶ
2194 1888 2257 1938 ὥς
2288 1892 2369 1932 σῠν
2402 1894 2567 1947 πομπῇ

600 1970 820 2026 ἐξαχθείς.
887 1969 1005 2014 Hunc
1046 1970 1177 2014 locum
1221 1970 1374 2014 frustra
1418 1978 1676 2015 tentaverunt
1709 1971 1903 2027 editores3
1939 1972 2010 2015 Kr.
2044 1970 2208 2030 quidem
2241 1967 2303 2019 (ὗς
2333 1969 2495 2013 θύεταί
2523 1986 2566 2013 τε

599 2050 918 2111 circumscripsit
967 2057 1006 2093 et
1054 2048 1266 2107 ἐξήγοντο
1316 2064 1389 2110 pro
1439 2049 1670 2108 ἐξηγέοντο
1704 2052 1745 2096 in
1779 2060 2016 2097 contextum
2050 2050 2202 2107 intulit3
2237 2050 2342 2095 idem
2375 2050 2470 2096 illud
2505 2048 2568 2100 (ὃς

599 2140 694 2177 ante
728 2135 810 2175 σῦν
841 2148 888 2174 π.
922 2131 1070 2191 rejecit.
1127 2130 1218 2183 Qua
1250 2132 1542 2191 permutatione
1575 2132 1678 2175 facta
1710 2133 1896 2192 quamvis
1929 2133 2141 2192 expeditus
2176 2132 2247 2176 fiat
2280 2132 2403 2183 locus,
2429 2140 2565 2177 tamen

599 2214 668 2259 vix
717 2213 936 2272 quisquam
980 2211 1051 2268 sit,
1095 2211 1158 2256 cui
1203 2212 1265 2255 illa
1300 2212 1400 2255 ratio
1434 2212 1623 2256 audacior
1656 2222 1694 2256 et
1726 2213 1933 2257 violentior
1967 2228 2048 2257 non
2080 2213 2276 2257 videatur.
2343 2213 2420 2256 Ab.
2454 2228 2565 2272 quo-

599 2310 692 2354 que,
745 2294 784 2337 in
834 2294 952 2352 cujus
984 2301 1222 2337 contextum
1255 2293 1343 2352 ipso
1376 2293 1511 2344 invito,
1550 2301 1594 2337 ut
1627 2308 1675 2337 ex
1710 2293 1965 2337 adnotatione
1997 2294 2084 2353 ejus
2117 2301 2295 2353 apparet,
2331 2292 2565 2349 ἐξηγέοντο

597 2390 674 2435 pro
708 2374 921 2430 ἐξήγοντο
956 2373 1130 2432 irrepsit,
1168 2374 1300 2417 locum
1334 2382 1574 2432 corruptum
1608 2387 1709 2423 esse,
1745 2380 1966 2417 asseverat.
2023 2373 2272 2417 Vocabulum
2307 2380 2442 2417 autem
2465 2372 2567 2430 ἐξη-

594 2461 765 2510 γέοντο,
819 2454 844 2497 i.
894 2468 930 2498 e.
980 2455 1229 2508 docuerunt,
1272 2468 1346 2498 cur
1379 2460 1645 2512 permutetur,
1681 2468 1870 2498 caussam
1904 2453 2089 2512 equidem
2124 2468 2205 2496 non
2238 2453 2409 2505 invenio,
2444 2460 2566 2512 atque

597 2535 750 2594 reliqua
783 2549 829 2576 ea
863 2542 972 2584 sunt,
1008 2548 1114 2593 quae
1147 2534 1452 2601 explicationem
1487 2533 1711 2577 admittant.
1777 2534 1935 2594 Duplex
1968 2534 2075 2578 enim
2108 2540 2170 2577 est
2202 2533 2324 2593 hujus
2358 2534 2428 2578 loci
2462 2547 2567 2577 ana-

597 2616 800 2664 coluthon,
836 2628 965 2672 quum
998 2621 1038 2656 et
1071 2614 1166 2656 illud
1201 2612 1276 2666 ιός,
1311 2613 1420 2672 quod
1454 2613 1617 2656 duobus
1653 2613 1845 2656 membris
1877 2627 2090 2658 commune
2123 2628 2213 2656 esse
2235 2613 2418 2666 debebat,
2446 2628 2567 2674 repe-

598 2703 721 2746 tatur,
758 2711 839 2754 qua
873 2694 923 2738 de
956 2709 1001 2738 re
1036 2695 1110 2738 cfr.
1144 2711 1236 2755 pag.
1272 2695 1343 2746 37,
1380 2703 1418 2739 et
1453 2694 1546 2739 illud
1585 2693 1757 2748 θύεται,
1791 2695 1899 2753 quod
1934 2695 2002 2739 uui
2036 2702 2199 2748 tantum⁵
2229 2695 2410 2739 membro
2433 2695 2568 2755 scrip-

598 2785 663 2821 tor
712 2776 943 2820 tributurus
993 2785 1091 2826 erat,
1144 2777 1193 2820 ad
1244 2777 1414 2822 alterum
1464 2792 1628 2835 quoquc
1672 2776 1812 2820 valeat.
1880 2775 2108 2820 Herodotus
2140 2784 2287 2827 autem,
2324 2777 2477 2835 opinor,
2514 2777 2568 2820 ita

600 2856 828 2917 scripturus
878 2861 964 2900 erat
1013 2853 1075 2906 (ὗς
1124 2858 1284 2901 θύεταί
1332 2874 1371 2901 τε
1423 2856 1657 2916 ἐξηγέοντο
1703 2863 1929 2913 στέμμασι
1974 2859 2061 2905 πᾶς
2102 2858 2349 2906 πυκασθεὶς
2380 2861 2454 2902 καὶ
2489 2860 2570 2901 σῠν

599 2941 766 2993 πομπῇ
798 2938 1013 2992 ἐξάγεται.
1065 2939 1182 2989 Quod
1218 2939 1250 2979 si
1285 2953 1413 2981 unum
1437 2940 1724 2983 immiserimus
1747 2938 2029 2986 anacoluthon,
2055 2938 2360 2996 comprehensio
2384 2939 2440 2981 sic
2463 2952 2568 2981 con-

600 3019 841 3064 formabitur
891 3016 954 3066 ὥς
1000 3018 1162 3062 θύεταί
1209 3035 1247 3062 τε
1300 3033 1339 3062 σ.
1389 3037 1435 3063 π.
1481 3037 1526 3063 π.
1572 3025 1646 3063 καὶ
1689 3017 1751 3068 ὥς
1782 3017 2000 3075 ἐξάγεται,
2034 3018 2158 3062 altero
2190 3027 2324 3063 autem
2357 3019 2570 3063 accedente

600 3100 784 3144 codicum
836 3099 1078 3159 scripturam
1128 3099 1380 3144 habebimus,
1447 3101 1516 3152 lx,
1565 3104 1636 3153 55,
1684 3127 1744 3133 -—-
1787 3095 1886 3159 ὥρα
1920 3106 1965 3141 τέ
1998 3113 2137 3155 σφεας
2168 3102 2281 3143 κατὰ
2308 3103 2466 3160 χώρην
2499 3116 2570 3144 τε-
