2941 3765
950 330 999 363 De
1022 329 1232 363 anacoluthia
1255 329 1469 364 Herodoteie.
2138 312 2190 355 ⁴3

361 435 467 479 Tum
490 442 698 493 παρέχειν
721 437 745 480 Ι.
769 438 892 482 simile
914 439 1232 499 subsequeretur
1255 440 1426 498 scriptor
1447 439 1559 482 initio
1577 438 1713 488 voluit,
1733 452 1837 482 novo
1854 446 1989 482 tamen
2009 437 2190 496 subjecto

239 524 449 575 assumpto
481 516 655 575 perfecta
689 518 870 577 sequitur
901 520 1137 572 enunciatio,
1172 521 1218 571 ll,
1256 523 1295 570 9,
1338 514 1458 563 οὗτοι
1499 509 1813 573 συντιθέμενοι
1844 518 2014 561 στάδιοι
2048 518 2190 574 Αἰγύ-

240 611 362 651 πτου,
396 598 444 640 τό
476 600 564 653 μὲν
596 599 718 655 παρὰ
753 599 989 643 θάλασσαν
1021 599 1105 659 ἤδη
1137 617 1221 657 μοι
1243 602 1563 660 καὶπρότερον
1586 597 1832 656 δεδήλωται
1856 594 1921 641 ὅτι
1943 597 2193 650 ἑξακοσίων

237 683 283 719 τέ
313 675 408 727 ἐστι
432 676 623 720 σταδίων
654 682 728 721 καὶ
758 682 1022 738 τρισχιλίων,
1056 677 1166 724 ὅσον
1199 680 1249 725 δέ
1278 698 1318 723 τι
1340 677 1432 724 dno*
1457 680 1692 735 θαλάσσης
1713 677 1756 727 ἐς
1777 681 2031 734 μεσόγαιαν
2052 685 2190 737 μέχρι

242 758 433 814 Θηβέων
464 756 563 811 ἐστὶ,
598 766 808 815 σημανέω
829 776 840 786 ·
874 761 1042 805 στάδιοι
1074 765 1163 819 γάρ
1198 761 1281 806 εἰσι
1314 762 1457 805 εἴκοσι
1489 764 1564 803 καὶ
1597 758 1753 803 ἕκατον
1782 764 1855 802 καῖ
1890 758 2191 816 ἑξακισχίλιοι.

240 836 374 883 Schw.
426 838 656 883 Florentino
704 839 837 885 codice
884 842 997 887 nisus
1028 842 1121 902 legit
1154 843 1196 886 οἳ
1229 842 1413 896 στάδιοι,
1447 855 1569 901 (1113111
1603 840 1786 900 sequitur
1819 839 1888 900 Sg.
1939 831 2023 884 Cfr.
2056 847 2190 883 tamen

240 919 311 963 Kr.
360 920 405 970 ΙΙ,
460 922 530 971 50,
581 923 646 971 ll,
692 924 732 964 3.
797 921 857 965 81.
896 937 1050 965 comma
1090 937 1170 966 non
1210 931 1301 982 post
1344 922 1571 978 Αἰγύπτου
1605 923 1675 965 sed
1709 929 1799 980 post
1833 921 2004 964 στάδιοι
2037 936 2193 980 ponens

239 1001 349 1044 hunc
382 1001 670 1045 nominativum
705 1002 973 1061 sequentibus
1005 1005 1230 1063 appositum
1262 1004 1379 1062 quasi
1412 1003 1712 1063 inscriptionem
1729 1001 1970 1060 'exprimere
2003 1016 2192 1061 perverse

239 1080 474 1130 contendit..
522 1081 599 1126 Ab.
648 1088 781 1127 autem
832 1092 918 1142 post
967 1083 1190 1140 Αἰγύπτου
1246 1083 1360 1127 colon
1403 1084 1557 1144 posuit;
1601 1097 1684 1143 qua
1728 1082 1926 1126 levissima
1971 1082 2193 1141 scripturae

240 1161 423 1221 vulgatae
478 1163 770 1222 permutatione
817 1164 1080 1209 anacoluthon
1129 1172 1315 1209 nostrum
1364 1164 1588 1219 evanescit3
1644 1163 1875 1223 intelligitur
1921 1162 2047 1215 enim,
2094 1177 2192 1207 ver-

240 1244 336 1288 bum
380 1243 679 1289 substantivum
721 1243 808 1288 εἰσί
836 1251 875 1289 et
907 1238 1026 1288 οὖτοι
1060 1244 1227 1289 στάδιοι
1259 1245 1308 1290 ad
1341 1244 1630 1305 consequentia
1663 1244 1907 1289 referuntur.
1972 1243 2052 1288 Sed
2085 1244 2193 1290 haud

240 1324 322 1368 scio
370 1339 422 1367 an
465 1339 542 1368 vox
586 1326 896 1380 συντιθέμενοι
932 1325 986 1369 sic
1019 1327 1152 1371 minus
1184 1334 1275 1386 apta
1311 1326 1375 1371 sit.
1442 1327 1514 1370 Kr.
1550 1353 1612 1359 —
1645 1327 1728 1383 (οἳ)
1764 1325 1933 1368 στάδιοι
1967 1324 2193 1381 Αἰγύπτου

239 1407 287 1448 τό
320 1408 407 1460 μὲν
444 1432 498 1437 -
535 1404 730 1455 scribens,
766 1407 915 1457 statuit,
949 1407 1174 1466 genetivum
1207 1407 1434 1462 Αἰγύπτου
1468 1424 1519 1452 ex
1553 1410 1603 1451 ro
1627 1409 1750 1464 παρά
1774 1407 1822 1449 θ.
1847 1404 2033 1465 pendere.
2076 1404 2192 1450 Con—

236 1484 319 1544 jicit
363 1484 563 1529 Herodoto
598 1486 637 1528 in
671 1479 803 1529 animo
834 1487 957 1531 fuisse
989 1487 1085 1530 haec
1116 1487 1267 1531 dicere:
1303 1489 1417 1532 die-se
1450 1488 1631 1533 Stadien
1663 1487 1841 1541 erqeben
1862 1486 1951 1540 fiir
1983 1488 2066 1530 den
2097 1487 2193 1531 Ka-

238 1566 480 1610 stenstrich,
544 1565 622 1609 Sed
672 1566 860 1625 quoniam
910 1582 1002 1610 orae
1049 1566 1267 1610 maritimae
1314 1568 1489 1626 spatium
1518 1569 1600 1627 jam
1634 1576 1740 1618 ante,
1776 1581 1863 1626 cap.
1900 1571 1939 1617 6,
1975 1566 2192 1611 indicatum

234 1655 314 1701 est,
364 1661 445 1689 non
494 1654 603 1705 puto,
649 1647 882 1706 scriptorem
924 1648 963 1691 h.
996 1647 1020 1690 l.
1054 1648 1157 1691 hanc
1188 1648 1442 1706 potissimum
1476 1649 1715 1692 sententiam
1749 1648 1973 1707 exprimere
2004 1647 2192 1691 voluisse.

240 1727 380 1772 Potius
420 1726 616 1778 existimo,
652 1727 715 1771 illa
747 1730 797 1770 τό
829 1730 914 1783 μὲν
946 1743 991 1770 π.
1028 1727 1075 1770 θ.
1109 1753 1171 1760 —
1205 1729 1458 1786 τρισχιλίων
1490 1735 1632 1772 0011113
1664 1727 1873 1771 consilium
1906 1727 2017 1771 initio
2049 1727 2192 1772 initum

239 1807 391 1865 adjecta
424 1808 651 1852 anacoluthi
684 1823 867 1852 caussam
901 1808 1035 1853 fuisse.
1101 1807 1239 1852 Melius
1273 1808 1444 1852 sortasse
1475 1823 1631 1852 comma
1664 1808 1827 1867 ponitur
1849 1814 1944 1851 ante
1967 1807 2192 1864 Αἰγύπτου

239 1902 362 1947 (1113111
404 1894 496 1947 post
535 1895 585 1938 et,
630 1888 670 1931 ni
711 1888 834 1939 fallor,
873 1888 1096 1949 scripturus
1127 1894 1213 1933 erat
1244 1888 1472 1933 Herodotus
1505 1889 1603 1932 haec
1636 1887 1741 1932 fere:
1774 1887 1837 1931 illa
1871 1887 2011 1939 stadia,
2049 1890 2114 1944 (et
2146 1903 2193 1931 ea

247 1971 391 2020 4500,
427 1983 531 2029 quae
564 1969 668 2013 inter
701 1984 811 2013 mare
843 1976 881 2013 et
912 1969 1126 2029 Heliopolin
1160 1977 1266 2020 sunt,
1302 1984 1388 2029 cap.
1426 1970 1466 2021 7,
1501 1977 1540 2013 et
1573 1983 1619 2013 ea
1658 1971 1805 2021 4,860‚
1842 1983 1947 2028 quae
1979 1968 2084 2012 inter
2105 1968 2192 2013 He-

239 2049 397 2109 liopolin
439 2058 478 2093 et
510 2050 682 2102 Thebas,
718 2066 803 2110 cap.
838 2053 906 2106 9‚)
941 2051 973 2094 si
1006 2051 1107 2094 inter
1140 2066 1183 2094 se
1215 2059 1524 2110 componuntur,
1559 2049 1756 2104 efficiunt
1788 2076 1848 2082 —
1883 2075 1942 2081 —
1979 2076 2052 2093 —.
2105 2048 2191 2094 cfr.

239 2131 267 2182 l,
320 2133 390 2182 32,
442 2124 564 2173 οὗτοι
614 2129 754 2179 ἐόντες
800 2129 984 2173 ἐνιαυτοὶ
1025 2158 1086 2163 —-
1118 2158 1178 2163 —
1212 2158 1270 2163 -
1303 2136 1562 2186 γινομένου,
1597 2139 1637 2174 31
1672 2130 1753 2180 Vll,
1798 2130 1896 2180 484,
1932 2130 2003 2173 fin.
2068 2132 2191 2175 Atta-

239 2227 331 2254 men
365 2212 613 2277 latitudinem
647 2212 816 2271 Aegypti
849 2211 1043 2255 inferioris
1075 2212 1190 2269 quasi
1221 2211 1262 2254 in
1295 2211 1544 2255 transeundo
1579 2210 1771 2270 repetivit,
1806 2224 1888 2268 quo
1921 2212 2191 2256 anacoluthon

237 2300 372 2337 ortum
395 2300 477 2347 est3
501 2306 623 2351 quam
646 2291 882 2336 sententiam
905 2291 1021 2336 etiam
1043 2289 1450 2351 Schweighaeuserus
1473 2291 1684 2352 amplexus
1707 2297 1780 2342 est,
1808 2299 1852 2335 ut
1873 2304 1923 2333 ex
1947 2292 2036 2351 ejus
2055 2291 2188 2335 inter-

239 2372 460 2431 pretatione
492 2381 670 2433 apparet.
705 2372 792 2417 Jam
825 2372 1010 2432 objecerit
1041 2372 1144 2432 quis,
1179 2386 1377 2416 summam
1409 2386 1459 2424 ex
1502 2374 1630 2422 l,500
1667 2379 1704 2414 et
1744 2372 1875 2421 4,860
1902 2371 2037 2415 minus
2060 2386 2188 2416 accu-

238 2460 325 2497 rate
356 2453 577 2497 confectam
611 2468 711 2497 esse.
775 2453 990 2497 Confiteor.
1055 2453 1134 2496 Sed
1168 2468 1301 2496 nonne
1333 2453 1437 2495 idem
1469 2451 1783 2511 deprehenditur
1818 2451 1919 2501 Vm,
1960 2452 2014 2494 48
2031 2453 2050 2495 :²
2105 2452 2189 2496 Cl‘r.

240 2532 481 2585 Abichtium,
510 2533 623 2578 Tom.
642 2535 669 2585 Ι,
704 2548 792 2593 pag.
813 2536 884 2578 21.
929 2534 974 2584 ll,
996 2536 1067 2584 66,
1087 2536 1215 2577 ταῦτα
1232 2532 1277 2576 δὲ
1297 2534 1518 2588 γινόμενα
1534 2532 1709 2575 πένθεα
1725 2532 1910 2590 μεγάλα
1926 2526 2190 2590 τοὺςἈίγυ-

240 2620 388 2663 πτίους
417 2616 767 2671 καταλαμβάνει.
822 2613 892 2656 Hic
925 2611 1150 2657 Herodotus
1183 2628 1354 2657 exorsus
1386 2619 1462 2663 est,
1497 2612 1612 2671 quasi
1648 2613 1825 2658 scribere
1855 2615 2067 2661 voluisset:
2093 2634 2124 2660 τ.
2150 2617 2188 2661 δ.

238 2712 279 2751 γ.
321 2713 366 2739 π.
408 2713 458 2752 μ.
495 2699 602 2739 τοῖσι
637 2694 917 2752 Αἰγυπτίοισι
951 2700 1133 2753 παρέχει
1166 2693 1189 2738 l.
1222 2693 1403 2753 τίθεται.
1469 2693 1553 2738 Cfr.
1589 2695 1635 2745 ll,
1676 2695 1745 2746 46,
1782 2697 1851 2740 lin.
1917 2697 2025 2742 Haec
2057 2698 2189 2742 inter-

239 2776 421 2835 pretandi
471 2776 571 2821 ratio
619 2792 660 2820 ar
683 2775 853 2820 dictione
896 2774 1115 2819 Herodotea
1149 2789 1228 2818 non
1261 2774 1480 2818 abhorrere
1513 2775 1608 2819 mihi
1641 2777 1813 2822 videtur.
1881 2779 2022 2838 Neque
2056 2787 2189 2823 tamen

237 2871 376 2902 eorum
412 2857 647 2901 sententiam
681 2870 887 2917 aspernor,
922 2856 1002 2915 qui,
1038 2864 1082 2900 ut
1114 2855 1255 2906 Kueh.,
1292 2859 1317 2909 S
1353 2856 1455 2907 670,
1492 2856 1532 2899 b.
1567 2858 1750 2918 exempl„
1788 2859 1874 2908 Lh„
1900 2859 2002 2910 Joh„
2030 2860 2114 2911 Kr.,
2140 2862 2187 2911 ll,

240 2942 310 2990 56,
364 2943 404 2990 9,
461 2939 498 2989 4,
549 2946 745 2989 statuunt,
788 2938 850 2981 hic
883 2953 971 2981 esse
1003 2936 1274 2982 accusativum
1306 2936 1551 2982 absolutum.
1617 2938 1723 2983 Haec
1756 2940 1832 2984 dici
1868 2950 2039 3001 possunt
2070 2942 2190 2986 etiam

236 3020 285 3063 de
318 3020 383 3070 lv,
421 3023 491 3070 350,
528 3015 843 3073 ἀντιτιθέμενα
875 3018 920 3061 δὲ
955 3021 1087 3061 ταῦτα
1119 3013 1407 3073 ἀντισήκωσις
1437 3025 1604 3074 γίνεται
1640 3047 1700 3053 --
1735 3048 1796 3054 —-
1831 3049 1904 3074 -,
1940 3023 2009 3068 ubi
2043 3024 2117 3068 Lh,
2151 3033 2190 3068 et
