2941 3765
634 303 692 347 22
1465 320 1499 354 s.
1520 320 1562 354 E.
1585 320 1769 355 Melander.

630 427 726 472 tiam
760 426 896 472 Schw.
931 435 1091 487 praeter
1128 428 1172 480 V,
1216 432 1314 481 103,
1350 429 1420 489 qui
1455 445 1579 489 supra
1611 436 1684 480 est,
1721 436 1760 473 et
1792 429 1837 479 ll,
1880 428 1979 480 141,
2016 427 2085 487 qui
2118 426 2234 478 infra,
2270 425 2403 471 attulit
2425 426 2493 477 lx,
2523 425 2593 477 42,

631 506 694 556 ὥς
724 514 1076 566 περιεσομένους
1108 506 1251 566 ἡμέας
1282 537 1342 542 -
1375 537 1449 562 -,
1485 518 1524 555 et
1555 511 1619 562 lll,
1657 513 1729 561 99,
1763 535 1826 542 ——
1859 504 1991 551 αὐτόν
2021 507 2272 565 τηκόμενον
2301 534 2364 540 —
2387 533 2460 558 —-,
2485 521 2595 566 quo-

630 604 722 634 rum
754 596 927 648 uterque
960 604 983 633 a
1018 596 1158 634 nostro
1192 590 1277 636 loco
1308 591 1519 652 discrepat,
1554 606 1636 651 quo
1669 589 1855 642 efficeret,
1891 589 2166 635 accusativum
2205 588 2388 634 absolute
2418 589 2595 649 positum

628 684 733 713 esse.
789 670 835 713 ln
869 670 1036 714 eandem
1072 672 1310 716 sententiam
1344 671 1414 731 Sg.
1450 671 1628 722 discedit,
1664 670 1734 730 qui
1767 671 1883 731 plura
1916 669 2098 729 exempla
2130 677 2169 713 et
2202 669 2306 713 inter
2341 684 2384 713 se
2416 669 2592 728 disparia

631 757 671 792 et
720 750 772 792 ab
821 750 896 792 hoc
945 750 1203 794 abhorrentia
1252 752 1467 810 congessit.
1532 751 1591 793 De
1638 765 1720 809 qua
1768 749 1991 810 explicandi
2040 749 2193 792 ratione
2233 749 2364 808 deque
2396 748 2595 792 sententia

632 829 847 873 Wentzelii
869 832 927 886 ³),
964 831 1032 889 qui
1066 832 1282 883 contendit,
1319 847 1368 875 ex
1403 830 1659 881 nominatim,
1695 846 1817 890 quem
1851 830 1985 874 dicant
2018 829 2262 881 absolutum,
2297 837 2462 889 propter
2494 843 2593 872 ora-

630 910 781 953 tionem
824 910 1028 969 obliquam
1068 912 1343 955 accusativum
1393 912 1434 954 h.
1469 911 1494 954 l.
1529 911 1677 955 sactum
1712 926 1813 963 esse,
1851 911 1946 971 quid
1977 911 2162 971 judicem,
2199 925 2249 953 ex
2282 911 2342 961 iis,
2378 924 2483 970 quae
2511 910 2594 969 jam

635 1005 755 1050 pagg.
796 994 862 1041 11,
907 993 959 1034 12
994 991 1177 1043 disserui,
1213 992 1439 1051 legentibus
1472 992 1578 1036 ultro
1610 1007 1803 1052 apparere
1836 991 2059 1052 putaverim
2079 993 2139 1047 ⁴).

753 1071 936 1116 Alterum
985 1087 1115 1131 genus
1166 1072 1337 1132 pertinet
1377 1073 1427 1117 ad
1461 1072 1682 1116 orationem
1716 1072 1931 1132 obliquam,
1967 1072 2007 1116 in
2040 1087 2121 1131 qua
2155 1072 2426 1117 nominativus
2459 1072 2519 1116 vel
2553 1072 2594 1116 in

630 1151 809 1195 oratione
858 1160 967 1196 reeta
1015 1152 1223 1197 abnormis
1271 1153 1402 1198 factus
1458 1161 1520 1198 est
1580 1154 1849 1199 aecusativus.
1929 1153 2060 1214 Hujus
2110 1161 2338 1199 structurae
2383 1170 2434 1198 ex
2484 1153 2595 1198 libris

632 1233 820 1277 Herodoti
865 1248 993 1277 unum
1042 1241 1201 1279 tantum
1256 1234 1484 1294 exemplum
1535 1235 1660 1295 repeti
1710 1243 1854 1295 potest.
1936 1236 1982 1286 ll,
2043 1236 2141 1287 141,
2193 1217 2405 1278 ἐνθαῦτα.
2438 1231 2596 1278 ἀπικο-

634 1321 813 1370 μένους,
847 1317 958 1357 τοῖσι
992 1312 1227 1358 ἐναντίοισι
1260 1311 1428 1359 αὗτοῖσι
1463 1314 1753 1371 ἐπιχυθέντας
1784 1319 1937 1365 νυκτός
1967 1319 2056 1372 μῦς
2087 1312 2354 1375 ἀρουραίους
2373 1318 2485 1358 κατα
2507 1319 2595 1371 μὲν

634 1401 821 1450 φαγέειν
869 1396 971 1442 τούς
1018 1398 1333 1453 φαρετρεῶνας
1379 1391 1549 1438 αὖτέων
1589 1398 1699 1439 κατὰ
1733 1396 1778 1439 δὲ
1810 1399 1862 1439 τοὶ
1894 1397 2014 1450 τόξα,
2048 1398 2160 1454 πρὸς
2192 1395 2238 1438 δὲ
2272 1398 2360 1438 τῶν
2392 1391 2596 1437 ἀσπίδων

629 1477 682 1516 τοὶ
717 1472 873 1529 ὄχανα,
909 1501 982 1517 —.
1018 1475 1084 1517 Sic
1117 1475 1266 1525 Scbw.‚
1303 1475 1387 1534 Sg„
1424 1477 1511 1526 Lh.,
1549 1477 1620 1519 Kr.
1656 1477 1805 1535 legunt,
1842 1484 1880 1519 et
1914 1477 2012 1519 haec
2046 1477 2256 1535 scriptura,
2292 1483 2490 1533 quantum
2525 1476 2594 1517 in-

627 1554 804 1614 telligere
846 1555 968 1615 potui,
1015 1564 1077 1599 est
1110 1556 1316 1611 codicum3
1353 1556 1517 1602 fuerunt
1551 1565 1697 1609 tamen,
1733 1558 1883 1617 quibus
1916 1557 2172 1618 displicuerit,
2208 1556 2359 1616 quique
2392 1557 2442 1601 ad
2476 1572 2594 1600 com-

627 1635 868 1681 mutandum
918 1651 962 1680 se
1010 1636 1265 1682 contulerint.
1331 1637 1469 1691 Quare
1518 1637 1634 1682 nobis
1674 1637 1891 1683 videndum
1925 1646 1998 1690 est,
2035 1653 2134 1683 num
2168 1637 2219 1689 id,
2254 1636 2364 1697 quod
2397 1652 2448 1680 ex
2482 1636 2593 1681 libris

627 1717 822 1762 traditum
856 1724 929 1768 est,
966 1732 1010 1760 re
1043 1732 1139 1762 vera
1171 1718 1211 1762 id
1246 1718 1308 1771 sit,
1345 1719 1452 1779 quod
1488 1718 1676 1783 explicari
1710 1733 1792 1762 non
1826 1719 1965 1779 possit.
2032 1718 2122 1763 Jam
2155 1718 2252 1762 nihil
2283 1717 2475 1778 impedire
2497 1717 2593 1761 mihi

628 1798 800 1850 videtur,
836 1813 918 1858 quo
951 1799 1085 1843 minus
1119 1800 1160 1843 in
1193 1800 1389 1859 Kruegeri
1422 1800 1619 1844 sententia
1652 1800 1970 1860 acquiescamus,
2005 1800 2075 1859 qui
2098 1813 2346 1860 quamquam
2368 1798 2463 1843 illud
2487 1795 2592 1842 ἀπι-

627 1885 842 1935 κομένου,
891 1879 1000 1940 quod
1049 1879 1138 1924 Joh.
1188 1888 1228 1924 et
1276 1881 1324 1924 D.
1359 1881 1587 1926 Bekkerum
1622 1890 1838 1943 sequentes
1873 1887 2122 1943 receperunt,
2157 1895 2240 1929 non
2273 1881 2390 1941 plane
2423 1881 2588 1942 spernit,

626 1969 762 2002 tamen
795 1961 1009 2010 existimat,
1047 1963 1133 2004 lieri
1167 1978 1297 2021 posse,
1333 1971 1378 2006 ut
1411 1964 1505 2006 illud
1540 1960 1844 2019 ἀπικομένους
1877 1964 2074 2023 scriptum
2110 1964 2162 2006 sit
2202 1963 2445 2005 obversante
2469 1962 2592 2005 verbo

625 2044 880 2094 βλαβῆναι;
930 2058 1036 2097 quae
1084 2045 1247 2099 quidem
1297 2045 1507 2091 sententia,
1553 2046 1628 2084 nisi
1662 2045 1783 2091 fallor,
1820 2045 1938 2084 etiam
1971 2044 2342 2101 Schweighaeuseri
2375 2052 2449 2083 est.
2513 2043 2593 2092 Qui

627 2123 732 2166 sicut
765 2121 835 2180 Sg.
870 2139 964 2167 cum
998 2133 1139 2166 nostro
1174 2124 1260 2167 loco
1292 2105 1368 2173 Ill,¹
1395 2128 1452 2166 99
1488 2124 1620 2181 inepte
1653 2125 1921 2182 comparavit3
1957 2141 2087 2181 neque
2119 2124 2281 2181 assequi
2315 2140 2493 2182 possum,
2518 2140 2592 2167 cur

627 2204 703 2249 Lh.
754 2221 836 2249 non
885 2203 1005 2248 modo
1053 2204 1118 2256 lll,
1172 2208 1229 2248 99
1282 2205 1351 2249 sed
1403 2205 1520 2249 etiam
1554 2206 1600 2256 ll,
1645 2209 1729 2251 152
1764 2233 1826 2239 —
1858 2204 2073 2261 ἐκβάντας
2103 2233 2165 2238 —-
2199 2203 2500 2253 ὁπλισθέντας
2530 2233 2593 2239 -

627 2283 817 2336 attulerit,
863 2283 934 2345 qui
966 2283 1038 2329 loci
1074 2292 1113 2329 et
1147 2284 1251 2329 iuter
1284 2301 1328 2330 se
1361 2284 1574 2330 dissimiles
1608 2284 1688 2329 siut
1721 2292 1760 2329 et
1793 2300 1815 2328 a
1849 2292 1990 2329 nostro
2022 2283 2182 2329 diversi.
2246 2283 2439 2330 Codicum
2472 2284 2592 2346 igitur

627 2366 839 2424 scriptura,
893 2367 1085 2424 quoniam
1136 2367 1324 2425 explicari
1366 2382 1484 2425 posse
1526 2367 1695 2416 videtur,
1733 2367 1972 2419 retineatur;
2008 2381 2139 2423 neque
2171 2366 2395 2409 audiendus
2429 2373 2490 2408 est
2522 2373 2593 2408 aut

626 2445 699 2497 St„
748 2447 819 2506 qui
865 2447 1003 2491 scribit
1049 2446 1246 2490 ἐνθαῦτα
1287 2443 1606 2502 ἀπικομένοισι
1639 2450 1751 2490 τοῖσι
1786 2445 2019 2489 ἐναντίοισι
2056 2441 2264 2502 (αὖτοῖσι)
2300 2473 2361 2478 -
2394 2456 2464 2490 aut
2498 2447 2589 2496 Ab„

627 2526 696 2585 qui
730 2525 928 2571 ἐνθαῦτα
961 2523 1279 2583 ἀπικομένοισι
1312 2525 1548 2572 ἐναντίοισι
1585 2522 1792 2584 (αὗτοῖσι)
1816 2528 1877 2583 ⁵).

733 2666 766 2711 ³)
794 2666 913 2703 Ueber
940 2665 998 2701 die
1025 2670 1245 2713 sogenannte
1272 2667 1433 2703 absolute
1460 2666 1923 2715 Participialconstruction.
1949 2679 2057 2715 pagg.
2088 2665 2150 2710 33,
2180 2665 2242 2702 34.

734 2731 768 2776 ⁴)
797 2729 903 2775 Quod
929 2728 1073 2777 legitur,
1102 2729 1130 2773 I,
1160 2727 1247 2773 155,
1277 2753 1326 2758 —
1355 2726 1466 2782 φέρω
1481 2744 1490 2753 ·
1517 2727 1569 2768 τὰ
1587 2727 1632 2769 δὲ
1650 2732 1715 2768 νῦν
1733 2726 1950 2780 παρεόντα,
1970 2726 2162 2781 Πακτύης
2178 2726 2253 2780 γάρ
2272 2725 2359 2769 ἐστι
2380 2725 2402 2768 ὁ
2421 2725 2593 2769 ἀδικέων

628 2817 679 2823 -
709 2815 758 2821 -
787 2815 836 2822 -
864 2814 915 2822 —
956 2785 1073 2839 οἶτος
1111 2789 1222 2830 δότω
1262 2805 1326 2831 τοι
1355 2791 1470 2846 δίκην
1502 2794 1547 2830 ab
1580 2793 1746 2830 Abichtio
1772 2794 1841 2830 huc
1868 2793 2020 2829 relatum
2047 2796 2114 2829 est.
2169 2792 2302 2830 Statuit
2327 2793 2423 2830 enim
2449 2793 2501 2832 τὰ
2528 2797 2593 2832 νῦν

625 2871 724 2908 παρ.
766 2869 811 2892 ex
845 2853 1000 2909 φερέτω
1031 2856 1195 2903 scriptori
1222 2857 1435 2893 obversante
1461 2857 1629 2905 pendere,
1658 2857 1724 2892 sed
1751 2858 1809 2893 hic
1836 2858 1935 2893 locus
1961 2857 2008 2893 ad
2035 2856 2133 2892 aliud
2160 2856 2453 2893 anacoluthorum
2479 2870 2593 2904 genus

625 2919 757 2956 rectius
782 2919 1011 2956 transfertur.
1068 2917 1142 2955 cfr.
1170 2931 1253 2966 pag.
1284 2917 1345 2955 10.

733 2985 767 3029 ⁸)
796 2982 863 3018 Hic
889 2981 1059 3029 quoniam
1086 2981 1130 3017 de
1156 2982 1318 3017 abnormi
1345 2982 1543 3018 accusativo
1570 2982 1701 3030 agitur,
1730 2982 1826 3019 haud
1851 2982 2008 3019 alienum
2032 2981 2079 3017 sit
2095 2993 2382 3026 commemorare,
2401 2982 2592 3018 Wannow-

624 3045 755 3088 skium,
797 3056 879 3092 pag.
922 3042 1010 3083 175.
1053 3043 1438 3091 Schweighaeuserum,
1474 3044 1662 3092 Stegerum
1695 3048 1862 3088 statuere,
1898 3047 2046 3092 propter
2080 3043 2276 3079 orationem
2302 3044 2482 3092 obliquam
2510 3056 2591 3080 cum

625 3112 723 3144 recta
750 3111 1003 3144 commutatam
1029 3107 1269 3143 anacoluthon
1297 3119 1371 3143 esse
1397 3108 1426 3150 1,
1456 3107 1518 3150 86,
1549 3108 1610 3143 ubi
1636 3109 1762 3154 legunt
1787 3106 1857 3146 καὶ
1886 3105 1956 3145 τὸν
1981 3108 2115 3156 Κῦρον
2142 3102 2369 3146 ἀκούσαντα
2397 3131 2445 3136 ——
2463 3119 2591 3155 μετα-
