2941 3765
968 318 1017 348 De
1039 317 1248 349 anacoluthis
1270 317 1484 349 Herodoteis.
2143 294 2202 342 57

236 425 367 482 (vul,
422 425 520 481 46),
570 425 816 470 contrarium
859 432 991 470 tamen
1038 425 1079 469 in
1112 431 1385 485 consequente
1415 423 1597 467 oratione
1629 437 1749 482 saepe
1781 422 1888 466 latet.
1954 421 2027 465 Kr.
2060 422 2088 473 1,
2127 424 2200 472 69,

238 509 312 556 35,
349 508 399 560 3,
435 506 481 556 ll,
519 508 591 556 69,
630 506 700 557 44,
739 507 786 562 4,
821 507 952 551 Madv.
987 511 1012 561 S
1053 510 1152 557 488,
1188 506 1281 550 adn.
1317 508 1356 556 5,
1392 521 1436 560 c;
1471 505 1550 549 Ku.
1585 508 1610 558 S
1647 503 1749 554 733,
1787 506 1827 554 6,
1864 503 1912 557 b;
1944 502 2020 546 Th.
2043 506 2069 556 S
2095 504 2199 554 3⁴2,

244 585 313 632 ⁴7.
379 585 443 630 Fit
492 600 656 645 quoque
696 580 1016 648 nonnumquam,
1061 593 1107 632 ut
1140 602 1190 631 ex
1223 586 1385 632 duobus
1417 584 1612 630 orationis
1644 582 1850 634 membris,
1886 597 2062 643 quorum
2094 583 2200 627 alte-

238 681 330 711 rum
373 681 446 727 per
486 672 532 709 τὲ
573 665 821 712 efferendum
853 674 952 719 erat,
987 668 1158 713 alterum
1193 683 1263 728 per
1295 672 1386 720 καί,
1421 665 1516 711 illud
1550 672 1709 710 tantum
1742 664 1817 708 rite
1850 678 2091 724 expressum
2124 678 2200 707 oc-

237 753 389 797 currat,
424 746 501 790 hoc
533 754 668 791 autem
700 756 972 807 consequente
1004 756 1222 798 structura,
1258 761 1364 806 quae
1395 747 1448 790 ab
1482 746 1593 789 initio
1622 745 1798 795 deflexit,
1834 745 2028 788 obrutum
2051 745 2115 788 sit.
2140 771 2201 777 —

237 828 283 870 In
328 826 479 885 quibus
512 826 762 870 anacoluthis
794 844 862 889 ex¹
879 829 1016 872 eadem
1049 829 1211 887 periodo
1244 828 1416 871 alterum
1450 827 1678 871 membrum
1712 834 1893 885 repetere
1925 841 2007 868 non
2039 818 2200 884 semper

238 906 340 958 licet,
377 906 426 951 fit
459 907 577 958 enim,
614 914 660 952 ut
691 907 865 966 abrupta
897 909 1059 967 periodo
1091 908 1288 953 sententia
1320 908 1396 952 alia
1426 907 1602 958 demum,
1638 922 1744 966 quae
1777 906 1973 965 sequitur,
2009 921 2200 965 compre-

238 987 432 1032 hensione
464 986 701 1032 absolvatur
721 989 781 1044 ⁷).

363 1068 497 1127 Atque
537 1067 710 1127 primum
750 1068 818 1112 fiat
865 1069 1012 1113 mentio
1044 1069 1234 1122 locorum,
1271 1070 1311 1114 in
1344 1070 1495 1130 quibus
1527 1069 1619 1114 talia
1653 1068 1893 1113 anacolutha
1927 1068 1967 1111 in
1999 1068 2199 1112 adversa-

237 1149 342 1194 tivas
390 1147 606 1208 particulas
654 1154 743 1203 μὲν
791 1175 850 1182 -
896 1148 946 1191 δέ
984 1148 1145 1201 cadunt,
1188 1150 1217 1200 1,
1267 1148 1308 1201 7,
1356 1150 1426 1195 fin.
1471 1148 1681 1209 ἄρξαντες
1711 1152 1797 1205 μὲν
1830 1147 1900 1191 ἐπὶ
1934 1147 2014 1191 δύο
2048 1162 2089 1190 τε
2124 1150 2200 1189 καὶ

240 1229 382 1271 εἴκοσι
432 1230 590 1284 γενεᾶς
636 1224 830 1287 ἀνδρῶν.
897 1229 1024 1288 Hujus
1057 1230 1225 1273 membri
1257 1231 1505 1275 contrarium
1539 1231 1596 1274 sic
1629 1230 1713 1274 sere
1744 1228 2080 1273 conformandum
2112 1234 2200 1271 erat

237 1307 561 1355 καταλυθέντες
592 1306 638 1349 δὲ
673 1301 790 1361 aide,-
823 1308 898 1351 hoc
932 1316 1065 1352 tamen
1099 1309 1139 1352 in
1173 1317 1367 1368 sequente
1398 1310 1579 1354 oratione
1610 1309 1853 1359 continetur,
1888 1323 1994 1367 quae
2026 1306 2199 1351 conclu-

237 1387 346 1433 ditur
378 1388 508 1448 capite
547 1388 615 1439 14,
656 1389 746 1445 Τὴν
777 1390 866 1443 μὲν
898 1387 953 1444 δή
985 1389 1221 1447 τυραννίδα
1256 1386 1372 1432 οὕτω
1405 1390 1536 1446 ἔσχον
1567 1391 1610 1433 οἳ
1643 1388 1923 1447 Μερμνάδαι
1945 1390 2047 1436 τοῦς
2063 1386 2200 1446 Ἡρα-

238 1469 419 1518 κλείδας
451 1464 744 1525 ἀπελόμενοι.
803 1468 866 1519 111,
910 1467 1008 1521 127,
1043 1468 1091 1512 ἐκ
1128 1473 1215 1526 μὲν
1248 1470 1304 1527 δή
1338 1473 1411 1528 τῆς
1442 1469 1572 1528 ἰθέης
1602 1472 1788 1529 στρατόν
1820 1468 1873 1512 ἐπ
1896 1465 1911 1483 ³
1944 1465 2081 1512 αὗτόν
2116 1463 2198 1511 οὔκ

238 1548 391 1592 ἐδόκεε
437 1555 632 1604 πέμπειν
673 1574 747 1591 -.
794 1548 1115 1608 Exspectabatur
1148 1550 1460 1609 ἐμηχανήσατο
1494 1550 1543 1593 δὲ
1575 1549 1694 1603 τάδε,
1729 1549 1799 1593 sed
1832 1563 1891 1600 ea,
1928 1563 2033 1609 quae
2064 1548 2199 1592 inter-

236 1630 344 1687 jecta
392 1637 501 1679 sunt,
537 1628 770 1678 effecerunt,
806 1636 852 1672 ut
885 1630 1055 1688 scriptor
1085 1631 1197 1673 aliter
1229 1631 1443 1674 deduceret
1477 1630 1698 1672 orationem
1733 1632 1846 1688 πρός
1876 1632 2011 1671 ταῦτα
2043 1629 2099 1684 δὴ
2134 1624 2200 1670 ὢν

240 1708 268 1752 ἆ
301 1713 494 1767 Δαρεῖος
524 1708 627 1752 τάδε
660 1707 987 1766 ἐμηχανήσατο.
1021 1712 1086 1762 lv,
1125 1710 1195 1761 74,
1230 1716 1305 1753 καὶ
1337 1710 1385 1762 ἐξ
1416 1707 1550 1767 αὐτῆς
1582 1713 1773 1767 Θρήϊκες
1803 1714 1891 1765 μὲν
1924 1715 1999 1753 καὶ
2034 1708 2201 1764 εἵματα

237 1792 463 1833 ποιεῦνται
509 1791 622 1832 τοῖσι
671 1789 859 1832 λινέοισι
908 1788 1165 1845 ὁμοιότατα.
1231 1790 1330 1834 Illud
1381 1798 1471 1846 μέν
1515 1792 1598 1849 jam
1641 1790 1804 1834 Reiskio
1845 1799 2082 1849 suspectum
2126 1788 2198 1832 Kr.

238 1868 566 1929 circumscripsit.
633 1867 694 1912 St.
736 1876 872 1913 autem
905 1877 944 1913 et
978 1869 1053 1914 Ab.
1087 1869 1328 1915 intellectum
1362 1870 1504 1916 volunt
1536 1870 1612 1914 hoc
1645 1870 1895 1915 contrarium
1929 1870 2119 1912 Σκύθαι
2153 1868 2201 1912 δὲ

239 1948 307 2003 οὔ,
356 1957 395 1993 et
445 1950 522 1994 Ab.
572 1963 666 1993 cum
710 1950 787 1993 hoc
828 1950 911 1993 loco
945 1951 1110 1995 contulit
1142 1952 1205 2002 ΠΙ,
1243 1955 1282 2002 3,
1319 1950 1422 2006 ἐμοὶ
1453 1954 1542 2005 μὲν
1575 1976 1635 1982 -
1670 1977 1746 2004 -,
1782 1951 1853 1994 sed
1887 1951 1997 1995 haud
2031 1951 2114 1994 scio
2146 1965 2200 1993 an

239 2030 315 2074 Lh.
349 2037 458 2073 recte
486 2029 736 2089 judicaverit,
773 2031 944 2075 alterum
976 2032 1201 2076 membrum
1235 2047 1286 2075 ex
1319 2031 1665 2090 consequentibus
1698 2030 1962 2090 repetendum
1996 2046 2107 2085 esse,
2130 2039 2201 2075 at-

238 2126 320 2171 que
365 2126 440 2172 ego
488 2110 651 2171 quidem
693 2120 804 2172 puto,
848 2108 980 2155 ἄλλοι
1014 2111 1059 2155 δὲ
1095 2110 1148 2156 οὔ
1181 2112 1449 2172 significatum
1484 2112 1624 2156 saltem
1659 2127 1750 2156 esse
1782 2111 1951 2157 vocibus
1984 2107 2067 2155 οῦδ
2083 2107 2099 2125 ³
2130 2109 2200 2165 ἂν,

239 2189 361 2241 ὅστις
407 2193 476 2249 μή
524 2194 664 2252 κάρτα
712 2195 880 2252 τρίβων
928 2194 995 2251 εἴη
1047 2188 1187 2250 αὗτῆς,
1237 2193 1442 2251 διαγνοίη
1489 2220 1549 2226 -
1593 2201 1633 2238 et
1665 2193 1799 2253 paullo
1832 2192 1937 2237 infra
1969 2190 2020 2242 ὃς
2054 2192 2100 2236 δὲ
2133 2195 2200 2250 μή

344 2338 379 2382 ⁷)
406 2338 461 2373 De
498 2333 571 2385 μέν
603 2336 861 2379 confirmativo,
898 2336 995 2383 quod
1027 2336 1319 2383 significationem
1351 2338 1487 2373 formae
1512 2334 1591 2389 μήν
1616 2338 1786 2380 servavit,
1815 2337 1993 2385 copiosius
2020 2337 2204 2384 disputare

236 2414 261 2437 a
299 2412 338 2437 re
379 2399 481 2436 nobis
514 2399 700 2448 proposita.
734 2402 788 2435 est
820 2398 987 2435 alienum.
1042 2398 1151 2446 Cujus
1186 2411 1270 2436 usus
1296 2403 1485 2447 praecepta,
1510 2403 1549 2436 et
1575 2400 1739 2449 exempla
1765 2400 1928 2437 invenies
1953 2400 2056 2436 haec:
2083 2400 2146 2436 Kr.
2172 2400 2201 2444 Ι,

240 2463 302 2507 69,
345 2462 408 2506 35,
452 2461 496 2503 1,
532 2462 579 2505 ΙΙ,
615 2461 678 2501 69.
715 2461 779 2505 44,
817 2460 938 2505 1-2,
973 2462 1015 2497 R.
1050 2466 1068 2506 ς
1095 2460 1181 2503 133,
1209 2461 1290 2497 adn.
1318 2461 1362 2505 23
1392 2462 1460 2497 Ku.
1487 2466 1505 2506 5
1531 2461 1631 2507 697,
1659 2452 1790 2499 Matt‘h.
1818 2468 1836 2508 ξ
1862 2462 1952 2506 605,
1980 2462 2064 2506 fin.;
2092 2463 2160 2499 Th.
2186 2467 2204 2508 5

239 2525 330 2571 302,
371 2526 454 2562 adn.
497 2524 542 2570 9,
583 2526 629 2567 Π,
665 2524 728 2568 20,
763 2519 867 2561 ἀλλὰ
901 2546 948 2551 --
975 2521 1068 2573 μέν,
1092 2524 1154 2567 m,
1183 2523 1246 2567 67,
1273 2522 1329 2576 μὴ
1354 2522 1446 2572 μέν,-
1471 2525 1535 2567 ΠῙ,
1566 2524 1655 2570 133,
1684 2519 1708 2577 ἦ
1733 2524 1827 2574 μέν,
1852 2526 1914 2569 IV,
1942 2524 2032 2568 205,
2061 2520 2108 2562 οὐ
2132 2523 2205 2574 μὲν

237 2585 349 2634 οὐδέ,-
389 2589 432 2630 V,
464 2586 528 2629 92,
558 2587 595 2629 5,
622 2587 662 2621 in
687 2587 823 2621 oraculi
849 2599 1029 2633 responso,
1059 2608 1107 2614 —
1134 2598 1178 2634 γε
1201 2583 1295 2633 μέν,
1322 2587 1382 2628 VI,
1411 2586 1475 2629 98,
1502 2584 1572 2623 καὶ
1600 2610 1653 2616 —-
1678 2586 1764 2635 μέν.
1818 2590 1943 2634 Neque
1969 2589 2099 2634 longus
2125 2601 2201 2622 eme

239 2650 322 2689 volo
362 2649 406 2687 de
437 2645 511 2699 μέν
544 2648 716 2693 solitario,
749 2650 850 2696 cujus
879 2647 1097 2686 contrarium
1123 2660 1168 2684 ne
1192 2651 1393 2696 permutata
1419 2648 1566 2696 quidem
1592 2652 1774 2687 structura
1797 2649 2007 2698 expressum
2029 2652 2096 2687 est.
2148 2649 2204 2687 De

237 2725 311 2762 quo
345 2712 452 2749 adeas
478 2711 543 2748 Kr.
572 2712 600 2756 Ι,
629 2710 692 2756 69,
720 2710 783 2756 35,
812 2709 857 2756 2,
884 2711 1010 2748 Madv.
1038 2715 1055 2757 ς
1082 2709 1170 2754 188,
1199 2710 1283 2747 adn.
1312 2710 1349 2755 5,
1378 2711 1421 2756 d;
1450 2712 1492 2748 R.
1520 2716 1538 2758 ξ
1566 2710 1653 2749 134.
1681 2712 1717 2757 6,
1746 2725 1780 2757 a,
1809 2725 1860 2756 cc,
1887 2713 1938 2762 β,·
1963 2712 2034 2749 Κιι.
2061 2716 2080 2758 5
2108 2704 2204 2757 734,

239 2776 368 2812 Matth.
396 2780 414 2819 ς
440 2773 531 2818 622,
561 2774 597 2809 6.
651 2774 829 2821 Exempla.
853 2778 972 2810 autem
998 2774 1107 2809 habes
1134 2770 1207 2821 μέν
1231 2774 1379 2809 solitarii
1405 2775 1452 2809 ad
1478 2788 1677 2823 pronomen
1703 2777 1890 2824 personale
1916 2776 2023 2823 positi
2041 2776 2120 2819 vn,
2139 2774 2202 2818 24,

233 2835 300 2884 Ὡς
337 2834 410 2886 μὲν
442 2833 514 2885 ἐμὲ
547 2833 873 2886 συμβαλλόμενον
911 2833 1118 2887 εὑρίσκειν.
1169 2835 1231 2879 IV,
1274 2835 1344 2881 16;
1374 2837 1470 2881 VIII,
1499 2837 1562 2882 66,
1600 2839 1813 2886 quibuscum
1842 2840 2004 2876 conferas
2034 2839 2110 2881 VH,
2140 2838 2202 2881 50,

241 2899 278 2945 1,
305 2896 432 2939 δοκέω
465 2897 540 2948 μὲν
580 2895 784 2949 οὐδαμῶς,
816 2900 1036 2937 contrarium
1064 2911 1147 2936 vero
1174 2899 1303 2935 diserte
1330 2900 1545 2948 exprimitur
1571 2902 1634 2947 IV,
1664 2901 1727 2946 42,
1756 2925 1805 2932 —
1835 2898 1928 2950 ἐμοὶ
1955 2898 2029 2950 μὲν
2054 2896 2100 2939 οὐ
2127 2915 2203 2939 πι-

240 2962 330 3010 στὰ,
360 2957 470 3013 ἄλλῳ
496 2958 542 3000 δὲ
568 2959 618 3015 δή
643 2974 722 3014 τεῳ
749 2985 799 2991 -
826 2967 862 2998 et
890 2963 932 3007 V,
962 2962 1030 3007 86,
1057 2962 1102 2998 ad
1127 2974 1324 3010 pronomen
1351 2962 1674 3001 demonstrativum
1711 2967 1754 3009 V,
1784 2964 1847 3009 31,
1876 2967 2004 3002 ταῦτα
2031 2961 2105 3013 μὲν
2128 2961 2204 3015 γὰρ

239 3022 385 3064 δίκαια
425 3021 551 3076 ἡμέας
591 3022 684 3070 τοὺς
724 3021 896 3075 ἄγοντας
927 3021 1139 3075 παρέχειν,-
1172 3024 1276 3060 aliter
1309 3026 1371 3068 111,
1403 3025 1492 3068 119,
1521 3023 1571 3065 Εἰ
1600 3025 1674 3076 μὲν
1700 3025 1749 3079 δή
1775 3040 1847 3076 μοι
1875 3025 1988 3064 διδοῖ
2013 3025 2206 3075 βασιλεὺς

240 3082 328 3133 ἑνὸς
353 3084 424 3140 τὴν
450 3084 587 3140 ψυχὴν,
617 3082 808 3139 αἱρέομαι
836 3084 881 3126 ἐκ
906 3083 1070 3125 πάντων
1096 3083 1166 3124 τὸν
1193 3081 1401 3139 ἀδελφεόν.

362 3171 477 3204 Lunds
502 3170 598 3203 Univ.
623 3162 799 3204 Arsskrist.
844 3172 941 3204 Tom.
967 3172 1004 3203 v.
2043 3173 2083 3206 12
