2941 3765
967 346 1018 378 De
1041 345 1252 379 anacoluthis
1274 343 1490 378 Herodoteis.
2152 322 2212 369 27

375 450 439 496 Fit
485 450 670 511 denique,
715 459 760 497 ut
808 466 1027 512 pronomen
1070 452 1280 498 relativum
1330 448 1391 506 ὅς,
1419 464 1571 511 -quum
1621 451 1701 495 vim
1751 450 1896 495 habeat
1944 451 2209 511 personalem,

252 539 387 576 tamen
436 531 486 575 ad
537 545 684 576 nomen
733 533 939 586 referatur,
990 535 1099 595 quod
1148 535 1381 595 qualitatem
1419 533 1579 577 indicet.
1644 532 1716 575 Kr.
1763 533 1790 583 Ι,
1830 535 1899 583 51,
1942 534 2008 583 13,
2052 535 2127 587 11·,
2163 533 2208 584 11,

254 615 326 663 5⁴1,
369 616 435 663 Μ,
474 599 514 655 4.’

375 693 446 736 Kr.
482 693 577 737 nihil
609 694 752 745 attulit,
788 710 881 753 quo,
914 711 1019 755 quae
1051 705 1158 740 esset
1190 697 1312 755 hujus
1344 693 1660 738 constructionis
1693 699 1851 743 natura,
1885 700 2208 751 cognosceretur,

253 781 535 832 praeterquam
583 774 692 833 quod
742 775 844 818 hanc
884 777 1201 836 conjunctionem
1242 784 1405 819 tenuem
1439 790 1529 818 esse
1562 781 1603 816 et
1636 773 1779 816 rationi
1812 773 2097 832 grammaticae
2129 788 2210 816 nou

253 853 351 898 satis
384 862 695 899 consentaneam
728 855 929 911 (lomere,
961 858 1080 902 nieht
1110 856 1334 914 eiyentlieh
1368 854 1870 908 constructionsmassiye
1911 853 2209 911 Verbinduny)

252 932 400 978 docuit.
467 933 609 978 Matth.
643 942 790 986 autem,
826 939 851 989 S
885 938 987 988 633,
1022 937 1062 980 in
1095 936 1300 996 exemplis,
1335 950 1441 995 quae
1473 935 1596 993 hujus
1628 933 1789 993 generis
1823 941 1931 984 sunt,
1965 933 2210 993 explicandis

254 1020 403 1057 rectam
445 1014 549 1058 viam
598 1014 808 1071 ingressus
841 1030 929 1059 esse
962 1017 1129 1068 videtur,
1164 1016 1397 1067 ostendens,
1433 1014 1643 1074 personale
1672 1013 1767 1058 illud
1806 1010 1857 1061 ‹3²³-
1892 1014 2067 1072 positum
2105 1029 2207 1065 esse,

252 1093 370 1152 quasi
403 1093 549 1138 locutio
582 1095 806 1155 personalis
839 1104 878 1140 et
911 1096 955 1148 ei,
992 1112 1096 1156 quae
1126 1097 1312 1147 occurrit,
1348 1102 1518 1156 cognata
1552 1094 1820 1138 antecederet.
1874 1093 2065 1139 Ceterum
2089 1095 2211 1154 hujus

253 1171 482 1219 structurae
523 1176 703 1235 exempla
746 1177 1099 1236 suppeditaverunt
1140 1178 1270 1220 Madv.
1306 1181 1330 1230 S
1373 1179 1470 1226 195,
1506 1176 1555 1230 Ι),
1588 1176 1638 1218 R.
1673 1179 1698 1228 S
1739 1177 1839 1225 121,
1884 1178 1950 1225 12,
1988 1176 2045 1235 Ι),
2070 1176 2148 1220 Κυ.
2184 1180 2209 1229 S

254 1258 358 1308 802,
396 1259 446 1312 63
479 1256 527 1301 Β.
562 1271 679 1317 pagg.
715 1258 819 1308 291,
857 1259 970 1313 292;
1002 1257 1076 1302 Th.
1111 1262 1136 1312 S
1171 1258 1272 1309 349,
1317 1260 1352 1301 1.
1667 1239 1671 1243 ⁴
1736 1241 1739 1243 .

375 1337 504 1397 Hujus
536 1338 695 1398 generis
728 1338 839 1382 locus
871 1337 1122 1383 Herodoteus·
1151 1345 1212 1382 est
1243 1354 1350 1382 unus
1382 1339 1411 1388 l,
1445 1340 1542 1388 136,
1563 1333 1867 1394 Ἀνδραγαθ-ίη
1893 1333 1938 1379 δ’
1960 1334 2067 1395 αὕτη
2091 1335 2209 1382 ἀπο-

254 1417 466 1472 δέδεκται,
507 1420 619 1474 μετά
661 1421 710 1462 τό
763 1420 995 1474 μάχεσθαι
1030 1416 1140 1461 εἶναι
1174 1414 1368 1475 ἀγαθόν,
1404 1416 1455 1467 ὃς
1486 1415 1542 1461 ἄν
1575 1417 1773 1466 πολλοῦς
1803 1414 1999 1475 ἅποδέξῃ
2032 1419 2207 1468 παῖδας.

252 1499 376 1543 Recte
407 1485 687 1543 animadvertit
719 1499 810 1550 Ab„
847 1499 941 1544 illud
976 1497 1024 1548 ὃς
1055 1497 1110 1542 ἄν
1141 1500 1193 1543 ab
1225 1499 1425 1543 Herodoto
1449 1499 1643 1558 scriptum
1667 1514 1768 1549 esse,
1793 1499 1911 1558 quasi
1932 1499 2208 1544 antecedentia

252 1580 308 1623 sic
341 1579 589 1623 conformata
621 1587 777 1623 esseut:
812 1575 924 1638 ἀνὴρ
957 1574 1134 1634 ἀγαθός
1166 1574 1290 1628 οὗτος
1321 1575 1628 1622 ἀποδέδεκται.
1664 1578 1725 1622 St.
1760 1593 1852 1622 cum
1886 1579 1961 1622 hoc
1994 1580 2080 1624 loco
2102 1596 2208 1625 con-—

250 1660 338 1705 tulit
390 1659 504 1704 Hom.
553 1660 596 1704 ll.
645 1660 752 1712 xlv,
806 1663 877 1711 81,
927 1661 1136 1718 βέλτερον
1178 1658 1227 1709 ὃς
1264 1662 1446 1716 φεύγων
1485 1661 1699 1719 προφύγῃ
1732 1662 1874 1704 κακόν
1908 1655 1955 1716 ἠὲ
1991 1659 2134 1720 ἁλώῃ,
2169 1670 2207 1708 et

251 1740 484 1801 Tyrtaeum,
507 1736 551 1784 'F
555 1755 587 1783 r.
622 1741 708 1792 ΧΠ,
750 1743 816 1791 15,
859 1743 925 1792 16,
962 1740 1181 1785 secundum
1214 1740 1481 1800 Bergkianam
1514 1739 1741 1783 editionem.

374 1820 502 1881 Saepe
542 1830 677 1864 autem
711 1821 948 1864 anacolutha
981 1836 1030 1864 ex
1063 1837 1109 1864 eo
1141 1822 1339 1871 oriuntur,
1375 1821 1485 1880 quod
1518 1821 1690 1880 scriptor
1724 1821 1933 1871 rationem,
1969 1837 2073 1880 quae
2105 1823 2210 1866 inter

252 1901 431 1962 singulas
464 1902 764 1946 enunciationes
796 1901 855 1946 vel
890 1902 1176 1946 enunciationis
1210 1910 1345 1961 partes
1379 1901 1646 1946 intercederet
1678 1900 1788 1944 initio
1811 1901 2003 1953 voluerat,
2029 1903 2210 1948 oratione

250 1982 482 2027 continuata
515 1999 607 2028 cum
641 1983 715 2027 alia
748 1983 1019 2027 eommutavit.

373 2063 507 2123 Atque
555 2078 607 2109 ece
652 2065 860 2109 orationis
906 2063 1115 2119 membris,
1155 2077 1260 2120 quae
1301 2067 1348 2107 ut
1389 2063 1447 2108 ad
1478 2076 1740 2108 communem
1773 2062 1963 2120 aliquam
1995 2065 2209 2109 notionem

250 2143 503 2197 referantur
544 2145 593 2188 ob
638 2159 809 2201 eamque
855 2159 947 2189 rem
978 2146 1044 2189 illi
1075 2145 1237 2188 notioni
1268 2148 1584 2204 supponantur,
1616 2145 1713 2199 ipsa
1745 2145 1960 2187 sententia
1984 2146 2209 2200 postulare

249 2227 458 2280 videatur,
506 2230 581 2270 aut
628 2240 758 2270 unum
805 2230 879 2270 aut
921 2227 1052 2282 plura
1097 2229 1171 2268 aut
1202 2226 1380 2280 denique
1413 2226 1558 2268 omnia
1591 2225 1644 2268 ab
1677 2225 1745 2268 his
1777 2226 1905 2280 quasi
1936 2227 2208 2271 secundariis

242 2306 445 2363 partibus
479 2308 727 2352 decedentia
751 2321 837 2363 per
870 2306 1103 2351 absolutam
1135 2306 1476 2350 enunciationem
1508 2307 1822 2361 exprimuntur.

370 2389 401 2432 l.
465 2386 532 2431 Sic
573 2398 764 2447 persaepe
804 2387 910 2447 apud
955 2386 1198 2431 Herodotum
1232 2393 1323 2446 post
1357 2386 1609 2446 participium
1643 2394 1714 2430 aut
1746 2387 1862 2430 aliam
1896 2402 2034 2430 vocem
2067 2402 2205 2431 enun-

249 2468 364 2511 ciatio
413 2467 597 2512 absoluta
646 2468 840 2528 sequitur,
892 2483 1017 2527 quum
1057 2466 1108 2518 id,
1143 2466 1251 2526 quod
1283 2481 1329 2509 ea
1362 2466 1643 2510 enunciatione
1676 2468 1917 2517 continetur,
1955 2482 2035 2510 non
2071 2468 2206 2512 minus

249 2564 371 2607 quam
406 2564 485 2593 vox
518 2550 761 2593 antecedens
791 2549 840 2592 ad
873 2549 978 2593 aliud
1011 2547 1105 2607 quid
1139 2556 1178 2591 et
1210 2547 1372 2592 tertium
1405 2547 1680 2592 definiendum
1713 2548 1915 2607 pertinere
1947 2548 2124 2592 deberet.

371 2629 460 2673 Jam
510 2629 616 2689 apud
666 2629 843 2674 Graecos
893 2629 1108 2688 scriptores
1155 2626 1447 2687 frequentiores
1489 2637 1585 2674 sunt
1627 2628 1712 2680 loci,
1750 2629 1818 2674 ubi
1853 2629 2089 2674 enunciatio'
2112 2645 2205 2674 cuin

249 2723 346 2755 voce
386 2709 427 2754 in
461 2709 594 2770 aliquo
626 2724 723 2755 casu
759 2710 887 2771 posita
919 2708 1186 2769 conjungitur.
1250 2707 1384 2776 KP&
1424 2710 1495 2760 59,
1534 2711 1574 2761 2,
1616 2710 1639 2753 4
1676 2715 1710 2753 ὁὶ
1748 2712 1788 2754 5.
1853 2711 1989 2770 Atque
2021 2724 2087 2754 res
2120 2711 2206 2770 ipsa

248 2805 320 2851 per
369 2806 413 2835 se
461 2792 678 2851 conspicua
726 2792 814 2843 est‚'
842 2791 1107 2835 anacoluthon
1149 2804 1230 2833 non
1262 2804 1352 2833 esse
1387 2791 1661 2843 statuendum,
1698 2807 1825 2851 quum
1859 2800 1929 2837 aut
1962 2792 2101 2836 eadem
2135 2800 2229 2836 aut·

247 2872 464 2916 consimilis
511 2872 571 2917 vis
620 2872 887 2918 enunciationi
935 2878 974 2914 et
1013 2869 1260 2913 antecedenti
1304 2869 1391 2914 voci
1426 2870 1609 2930 subjecta
1642 2880 1716 2924 est,
1753 2880 1799 2917 ut
1831 2873 1974 2923 finalis,
2013 2873 2058 2924 Υ,
2104 2876 2201 2924 109,

243 2951 406 3009 ‘Huius-
438 2949 678 3011 ἀπέπεμψε
714 2955 761 2997 w*
795 2955 949 2996 κοινὸν
981 2954 1068 2994 τῶν
1093 2947 1260 2993 Ἰώνων
1293 2953 1573 3006 φυλάξοντας
1603 2955 1683 3010 τῆν
1714 2954 1968 3008 θάλασσαν,
1994 2950 2098 2997 ἀλλ’
2122 2951 2204 2997 οὐκ

246 3032 322 3076 ἵνα
354 3059 416 3064 -
448 3060 510 3067 —-
544 3030 667 3077 αὕτοῐ
708 3038 905 3093 Πέρσῃσι
939 3035 1045 3089 πεζῇ
1077 3033 1475 3089 προσφερώμεθα;
1509 3034 1717 3085 caussalis‚
1752 3035 1816 3085 Ill,
1857 3035 1927 3086 74,
1965 3038 2075 3077 τοῖσι
2109 3037 2205 3089 μά-

246 3129 367 3171 γοισι
409 3113 533 3167 ἔδοξε
577 3142 638 3147 --
672 3115 949 3173 Πρηξάσπεα
983 3112 1116 3169 φίλον
1148 3112 1456 3171 προσθέσθαι,
1491 3108 1558 3157 ὅτι
1592 3130 1634 3158 τε
1669 3112 1920 3160 ἐπεπόνθεε
1955 3142 2014 3148 -
2049 3142 2110 3147 -
2143 3143 2204 3148 -
