2941 3765
678 295 735 336 60
1496 309 1530 343 S.
1555 311 1595 343 Ε.
1620 311 1808 345 Melander.

672 432 765 460 νων
813 419 926 459 κατά
974 432 1016 460 τε
1067 423 1206 470 σφέας
1246 412 1404 465 αὐτοῦς
1445 422 1521 461 καὶ
1564 421 1758 470 ξείνοισι
1789 415 2105 477 ἀπρόσμικτοι.
2173 417 2278 461 Puto
2310 416 2429 467 enim,
2465 415 2560 460 illud
2594 422 2640 459 τέ

671 504 813 542 contra
876 497 1087 541 consilium
1142 497 1193 540 ab
1248 496 1453 542 Herodoto
1507 499 1651 544 initum
1686 499 1926 550 accessisse,
1963 498 2098 557 itaque
2132 497 2369 557 scriptorem
2403 496 2514 540 initio
2558 510 2637 540 vo-

674 577 815 629 luisse,
867 584 913 621 ut
960 583 1041 620 καί
1084 604 1145 609 -
1201 583 1281 620 καί
1324 577 1429 622 inter
1481 593 1526 623 se
1584 579 1887 641 responderent.
1965 577 2091 622 Aliter
2147 584 2282 622 tamen
2339 577 2389 622 de
2449 575 2514 621 ino
2562 580 2644 618 καί

673 665 767 721 ante
799 674 953 702 κακον.
983 658 1266 718 judicaverunt
1299 659 1385 711 Kr.,
1421 659 1490 719 qui
1526 661 1704 721 legentes
1737 660 1847 704 adire
1874 659 1990 720 jubet
2022 659 2094 703 Kr.
2127 659 2156 710 l,
2184 661 2255 710 69,
2284 660 2355 710 32,
2388 661 2455 709 18,
2480 664 2521 701 et
2542 656 2635 708 Ab„

673 740 743 799 qui
776 739 1066 798 interpretatur
1099 739 1175 782 vel.
1242 740 1290 790 V,
1328 742 1400 791 62,
1438 766 1498 771 —-
1532 742 1609 784 τόν
1642 757 1683 783 τε
1718 743 1829 797 νηόν
1852 738 2151 796 ἐξεργάσαντο
2174 742 2250 782 τοῦ
2272 738 2641 797 παραδείγματος

673 820 864 863 κάλλιον
916 822 964 862 τά
1002 835 1045 861 τε·
1087 817 1221 873 ἄλλα,
1255 824 1330 862 καὶ
1364 827 1663 876 συγκειμένου
1698 835 1776 875 σφι
1809 826 2010 877 πωρίνου
2042 820 2182 863 λίθου
2216 821 2494 863 ποιέεινκτόν
2528 819 2639 873 νηόν
2678 879 2681 884 Ι

674 905 850 960 Παρίου
884 902 938 942 τα
971 898 1212 956 ἒζιιπροσθε
1247 896 1381 944 αὐτοῦ
1415 900 1694 957 ἐξεποίησαν.
1748 901 1900 945 Eltzius
1930 901 2136 945 codicibus
2158 900 2487 945 dissuadentibus
2510 897 2639 941 τόνδε

673 997 747 1040 pro
791 983 867 1024 τόν
909 996 949 1022 τε
994 980 1155 1038 scripsit
1196 988 1235 1024 et
1268 980 1340 1023 Kr.
1375 988 1422 1023 τέ
1454 982 1569 1025 uncis
1601 982 1873 1025 circumdedit.
1940 982 2080 1038 Neque
2114 989 2247 1024 tamen
2281 981 2360 1024 ulla
2392 978 2640 1023 admittenda

673 1069 734 1107 est
785 1060 974 1115 mutati03
1023 1074 1120 1104 uam
1170 1060 1246 1104 hoc
1286 1075 1451 1120 quoque
1483 1060 1570 1105 loco
1603 1060 1829 1106 Herodotus
1862 1060 1914 1105 31)
1947 1061 2103 1122 incepta
2138 1059 2339 1105 scribendi
2373 1059 2528 1104 ratione.
2561 1058 2639 1102 de-

673 1143 797 1194 flexit,
848 1155 976 1201 quum
1026 1145 1101 1183 καῑ
1151 1167 1210 1173 —-
1254 1139 1533 1198 ἐξεποίησαν,
1567 1141 1674 1200 quod
1707 1141 1756 1185 ini
1791 1142 1867 1185 τόν
1900 1158 1942 1185 τε
1978 1143 2087 1200 νηόν
2125 1139 2421 1200 ἐξεργάσαντο
2461 1155 2638 1201 respon-

673 1224 768 1266 dere
816 1222 1001 1273 debebat,
1053 1222 1105 1264 ad
1140 1222 1379 1265 secundaria
1413 1222 1465 1264 τά
1498 1238 1540 1263 τε
1575 1220 1693 1264 ἄλλα
1726 1223 1903 1266 referret.
1940 1249 1995 1254 —
2030 1223 2089 1266 De
2120 1223 2196 1265 hoc
2229 1222 2314 1265 ioco
2347 1236 2436 1280 pag.
2477 1235 2640 1280 quoque

677 1307 734 1349 32
769 1303 904 1347 adeas.

796 1383 904 1428 Jam
945 1397 1084 1439 porro
1129 1383 1315 1427 duarum
1355 1386 1638 1428 communium
1679 1389 1718 1428 et
1760 1385 1873 1427 inter
1914 1398 1959 1428 se
1999 1385 2350 1439 respondentium
2382 1382 2640 1426 locutionum

677 1463 703 1508 ὖ
752 1467 841 1519 μὲν
898 1489 952 1496 ⁷-
999 1460 1026 1506 ό
1060 1462 1123 1515 δέ,
1168 1465 1293 1505 τοῦτο
1327 1466 1415 1517 μὲν
1449 1488 1506 1494 -
1542 1467 1667 1506 τοῦτο
1702 1463 1764 1517 δέ,
1798 1464 2083 1507 consimilium
2116 1476 2203 1506 una
2237 1466 2401 1506 tantum
2433 1473 2640 1517 expressa

675 1549 750 1598 est,
795 1544 937 1587 altera
979 1547 1053 1586 aut
1098 1544 1373 1586 desideratur
1405 1547 1478 1586 aut
1511 1556 1606 1586 cum
1638 1547 1817 1597 coynata
1848 1545 2056 1587 locutione
2088 1546 2342 1586 commutata
2375 1545 2447 1585 est.
2511 1540 2640 1599 Cujus

674 1624 838 1684 quidem
881 1638 984 1668 usus
1026 1629 1159 1666 exstat
1202 1622 1309 1680 apud
1352 1621 1599 1666 Herodotum
1643 1623 1796 1666 infinita
1839 1638 1964 1683 paene
1996 1623 2271 1682 exemplorum
2305 1622 2429 1681 copia,
2464 1634 2640 1679 quorum

675 1705 774 1750 baec
807 1710 966 1748 tantum
1000 1701 1166 1746 afferam
1198 1701 1239 1745 iu
1272 1701 1381 1746 huuc
1414 1702 1594 1747 ordinem
1629 1702 1802 1748 redacta.

799 1783 909 1828 Solet.
960 1782 1082 1843 igitur
1123 1781 1222 1832 fieri,
1276 1788 1320 1826 ut
1368 1781 1502 1841 priore
1551 1782 1635 1827 loco
1677 1791 1864 1830 occurrat
1896 1782 2089 1845 ejusmodi
2124 1782 2373 1844 respondeus
2406 1782 2563 1845 locutio,
2599 1781 2639 1827 in

674 1880 755 1925 qua
805 1872 868 1908 est
907 1870 1009 1920 μέν,
1067 1862 1289 1923 posteriore
1330 1869 1464 1906 autem
1514 1864 1707 1924 particula
1756 1865 1807 1909 δέ
1853 1865 1948 1917 sola,
1995 1865 2059 1917 ΙΙΙ,
2113 1867 2210 1916 106,
2263 1863 2361 1916 107,
2395 1865 2520 1908 τοῦτο
2553 1866 2641 1919 μὲν

674 1948 765 2004 γὰρ
799 1947 914 2006 πρὸς
943 1946 1022 2001 τὴν
1056 1939 1125 2000 ἠῶ
1159 1941 1314 2000 ἐσχάτη
1350 1946 1437 1986 τῶν
1471 1944 1749 2001 οἰκεομὲνων
1782 1944 1811 2003 ἦ
1840 1944 1999 2004 Ἰνδική
2032 1944 2133 2000 ἐστι,
2168 1946 2233 1991 cui
2266 1944 2483 2006 respondet
2516 1946 2642 2003 Πρός

676 2026 703 2070 δ
720 2022 734 2040 ³
773 2021 830 2069 αὖ
877 2026 1174 2082 μεσαμβρίης
1214 2022 1371 2081 ἐσχάτη
1411 2020 1595 2083 Ἀραβίη
1630 2028 1718 2068 τών
1752 2026 2032 2083 οἰκεομένων
2058 2034 2249 2083 χωρέων
2283 2025 2368 2069 ἐστὶ
2402 2053 2474 2078 -,
2510 2036 2549 2070 et
2584 2026 2639 2070 sic

674 2107 794 2151 etiam
845 2106 928 2157 Vll,
988 2105 1086 2155 176,
1139 2104 1189 2148 de
1230 2104 1380 2162 quibus
1415 2105 1509 2148 locis
1541 2105 1724 2149 conferas
1759 2107 1897 2152 Matth.
1937 2112 1975 2162 S.
2012 2111 2115 2157 288,
2151 2106 2244 2150 adn.
2279 2108 2319 2157 2,
2355 2108 2425 2151 fin.
2459 2115 2499 2151 et
2530 2107 2639 2151 Her-

676 2202 873 2232 manuum
908 2187 949 2230 in
983 2186 1191 2246 Vigerum,
1229 2200 1320 2245 pag.
1358 2186 1463 2231 702.
1519 2187 1585 2237 IV,
1625 2189 1695 2238 38,
1732 2187 1868 2232 ἔνθεν
1899 2192 1985 2243 μὲν
2008 2216 2067 2222 -
2094 2215 2153 2220 --
2177 2214 2236 2221 -
2260 2190 2311 2230 τα
2334 2190 2447 2247 πρός
2467 2189 2636 2247 βορέην

673 2295 736 2301 -
779 2294 855 2321 -,
898 2269 952 2310 τοὶ
986 2266 1032 2309 δὲ
1078 2268 1191 2325 πρὸς
1222 2266 1354 2309 νότου
1388 2293 1462 2309 -.
1497 2265 1625 2326 Saepe
1658 2275 1792 2311 autem
1826 2268 1957 2328 priore
1989 2269 2073 2313 loco
2106 2275 2349 2328 usurpatum
2382 2276 2442 2312 est
2478 2266 2505 2311 ὅ
2537 2275 2639 2324 με’ν,

671 2348 896 2409 posteriore
929 2362 1004 2408 pro
1038 2344 1066 2390 ot
1100 2346 1151 2390 δέ
1183 2346 1277 2391 iilud
1312 2347 1446 2407 ipsum
1481 2362 1639 2399 nomeu,
1675 2348 1725 2392 de
1757 2364 1839 2408 quo
1872 2349 2016 2409 agitur,
2053 2350 2124 2394 Kr.
2159 2350 2186 2401 Ι,
2225 2352 2295 2400 50,
2339 2352 2373 2400 1,
2412 2352 2463 2405 3;
2499 2349 2576 2395 Κυ.
2614 2352 2639 2403 S

672 2430 776 2479 732,
823 2432 862 2479 3,
899 2442 934 2479 3,
970 2427 1065 2471 adn.
1102 2429 1150 2482 2;
1187 2427 1328 2470 Matth.
1364 2429 1529 2481 9288,
1565 2429 1658 2472 adn.
1696 2432 1742 2484 53
1778 2430 1825 2474 B.
1862 2445 1951 2490 pag.
1988 2434 2099 2485 3083
2134 2430 2209 2474 Th.
2244 2433 2269 2484 S
2306 2431 2408 2480 312,
2448 2431 2520 2474 22.
2588 2429 2635 2480 V,

672 2509 745 2560 94,
791 2507 1044 2563 ἐπολέμεον
1090 2534 1149 2539 —-
1184 2534 1243 2539 —
1281 2533 1339 2538 —
1372 2508 1674 2566 Μυτιληναῖοί
1712 2525 1754 2552 τε
1797 2515 1871 2553 καὶ
1898 2506 2146 2568 Ἀθηναῖοι,
2182 2510 2223 2554 οἳ
2255 2513 2343 2565 μὲν
2377 2536 2434 2542 -
2470 2536 2529 2542 -
2566 2536 2639 2564 -,

664 2586 904 2645 Ἀθηναῖοι
940 2587 986 2630 δὲ
1024 2613 1082 2619 —-
1119 2601 1206 2640 -—‚·
1241 2588 1307 2637 Vl,
1350 2590 1427 2642 49;
1463 2589 1530 2638 lX,
1569 2592 1650 2645 643
1687 2589 1786 2641 Vlll,
1825 2591 1896 2641 74,
1932 2617 1991 2622 —
2027 2591 2070 2634 οἳ
2102 2594 2202 2646 μὲν,
2237 2616 2299 2623 -
2323 2617 2381 2623 -
2405 2617 2481 2644 —-,
2501 2587 2640 2647 Ἀθη-

672 2672 791 2711 ναῖοι
834 2668 880 2711 δὲ
923 2671 996 2710 καὶ
1020 2666 1252 2724 Αἰγινῆται
1286 2672 1360 2710 καὶ
1394 2671 1628 2726 Μεγαρέες
1659 2697 1734 2723 -,
1769 2670 1818 2713 de
1850 2685 1932 2730 quo
1965 2670 2049 2714 ioco
2081 2671 2153 2715 cfr.
2187 2685 2307 2731 pagg.
2349 2672 2415 2723 14,
2457 2674 2525 2716 15.
2592 2672 2638 2722 ΙΙ,

679 2748 745 2801 17,
768 2775 827 2800 ,-
853 2746 881 2806 ἦ
902 2751 990 2804 μὲν
1012 2750 1126 2806 προς
1148 2743 1216 2804 ἦοῦ
1237 2750 1461 2807 fotinum,
1483 2776 1541 2781 —
1562 2776 1637 2808 ·—-,
1663 2748 1690 2807 ἦ
1714 2750 1759 2793 δὲ
1784 2749 1907 2810 ἑτέρη
1932 2754 2020 2795 τῶν
2044 2749 2167 2795 ὁδῶν
2189 2753 2302 2811 πρὸς
2324 2750 2515 2810 ἕσπέρην
2538 2751 2640 2808 ἔχει.

673 2831 757 2882 Vll,
812 2832 917 2881 233,
970 2855 1031 2862 -
1081 2831 1181 2877 τοῦς
1220 2835 1309 2884 μέν
1343 2844 1461 2877 τινας
1492 2857 1550 2862 -
1587 2856 1663 2883 ——,
1698 2832 1795 2879 τούς,Ι
1828 2832 1873 2875 δὲ
1907 2834 2101 2880 πλεῦνας
2130 2827 2277 2874 airon
2309 2859 2383 2876 —-.
2420 2832 2519 2884 Vlll,
2558 2835 2640 2888 323

674 2911 775 2963 Vlll,
835 2912 934 2963 137,
987 2936 1048 2942 ——
1099 2908 1126 2952 ὁ
1170 2913 1258 2966 μὲν
1300 2936 1374 2964 —-,
1409 2908 1436 2953 ὅ
1469 2910 1515 2954 δὲ
1551 2937 1625 2965 —‚
1661 2910 1688 2955 ὁ
1722 2911 1768 2955 δὲ
1804 2915 2018 2961 νεώτατος
2049 2938 2124 2955 —.
2158 2912 2187 2964 Ι,
2226 2915 2297 2965 59,
2335 2941 2395 2947 -
2430 2917 2520 2958 τῶν
2552 2917 2641 2971 μὲν

673 3019 733 3025 --
786 3018 861 3045 --,
913 2994 1002 3034 τιῦν
1053 2990 1098 3033 δὲ
1142 2990 1190 3032 ἐκ
1232 2994 1309 3033 τοῦ
1342 2991 1497 3034 πεδίου
1530 3018 1606 3035 —.
1642 2993 1781 3052 Neque
1814 3008 1908 3036 raro
1940 2994 1997 3045 fit,
2034 3002 2080 3037 ut
2113 2991 2244 3036 ἄλλοι
2279 2994 2330 3037 δέ
2361 2995 2385 3038 Ι.
2420 2994 2560 3053 ἕτεροι
2594 2994 2645 3036 δε·

671 3072 722 3115 ini
768 3073 810 3115 οἳ
845 3072 896 3114 δεῖ
928 3071 1215 3116 substituatur.
1283 3072 1353 3115 Kr.
1389 3073 1417 3124 1,
1457 3075 1527 3124 50,
1578 3076 1606 3124 1,
1652 3077 1725 3128 10,
1761 3074 1839 3118 Ku.
1875 3078 1899 3128 S
1936 3073 2038 3125 732,
2077 3077 2116 3125 3,
2151 3089 2186 3126 3,
2222 3075 2316 3118 adn.
2359 3077 2406 3129 1,
2442 3074 2582 3118 Matth.
2616 3078 2642 3129 S
