2941 3765
323 1005 686 1096 Anacoluthorum
720 1061 764 1093 ea
800 1048 923 1111 prima
960 1063 1003 1094 se
1034 1048 1219 1102 offerunt,
1254 1063 1358 1112 quae
1391 1049 1553 1095 casibus
1587 1050 1728 1095 solutis
1761 1051 1901 1094 effecta
1936 1058 2044 1100 suut,
2069 1063 2192 1109 quam
2214 1050 2267 1092 ob

322 1142 405 1171 rem
438 1129 490 1172 ab
522 1129 770 1173 anacoluthis
804 1130 1031 1173 nominativi
1063 1144 1183 1174 casus
1214 1131 1370 1174 initium
1403 1132 1521 1174 nobis
1552 1139 1614 1174 est
1646 1131 1885 1174 faciendum.

440 1211 606 1253 Nomen
654 1212 786 1265 iqitur
833 1212 1084 1254 nominativi
1131 1226 1256 1255 casus
1297 1213 1344 1254 in
1378 1213 1532 1264 fronte
1578 1213 1970 1267 comprehensionis
1994 1215 2188 1269 positum
2220 1214 2267 1256 in

320 1291 589 1348 sequentibus
639 1290 749 1334 nihil
794 1290 929 1346 habet,
968 1293 1037 1335 eui
1076 1294 1333 1349 respondeat
1340 1308 1354 1346 ‚·
1385 1294 1576 1348 sequitur
1608 1296 1749 1337 autem
1773 1293 1979 1350 perfecta
2010 1294 2268 1348 mundatio,

320 1388 399 1429 quo
436 1372 506 1428 fit,
554 1377 600 1417 ut
640 1371 713 1416 ille
751 1372 1036 1416 nominativus
1067 1388 1095 1416 a
1125 1374 1302 1431 reliquis
1332 1377 1558 1430 separatus
1590 1375 1714 1431 qnasi
1744 1375 2071 1431 inscriptionem
2106 1375 2268 1420 indicet

321 1455 387 1499 vel
418 1455 476 1509 id,
507 1455 620 1511 quod
651 1454 840 1510 sequenti
872 1453 1057 1497 orationi
1079 1455 1347 1511 propositum
1380 1459 1451 1500 est.
1506 1452 1808 1501 Nominativue
1831 1455 2143 1513 epiyrapkieus.
2194 1455 2265 1499 Kr.

322 1536 348 1584 1,
390 1535 459 1586 45,
497 1537 537 1585 2,
580 1538 616 1578 l.

442 1615 569 1675 CuJus
603 1621 831 1660 structurae
862 1614 1049 1674 quoniam
1082 1615 1187 1674 apud
1220 1614 1465 1661 Herodotum
1496 1633 1622 1662 unum
1646 1625 1804 1662 tantum
1828 1616 2055 1677 exemplum
2077 1615 2265 1665 occurrit,

319 1695 426 1741 haud
476 1696 648 1741 alienum
696 1695 791 1739 mihi
831 1696 961 1740 visum
999 1702 1060 1739 est
1100 1696 1289 1740 nonnulla
1328 1696 1484 1749 afferre,
1529 1712 1634 1757 quae
1673 1697 1833 1743 aliunde
1865 1692 1987 1757 petita
2021 1704 2170 1748 essent,
2207 1705 2264 1747 ut,

318 1791 423 1837 quae.
455 1783 562 1820 esset
595 1776 715 1835 hujus
748 1775 976 1820 nominativi
1009 1776 1119 1826 ratio,
1154 1776 1295 1819 melius
1328 1777 1633 1838 intelligeretur:
1668 1779 1715 1821 αἲ
1748 1781 1836 1832 μὲν
1858 1773 1939 1819 οὖν
1960 1776 2111 1828 αἰτίαι,
2136 1773 2191 1819 δι’
2212 1774 2267 1824 ἃς

317 1859 572 1912 μετέλαβον
619 1859 699 1912 τῆν
746 1859 969 1898 nazancenus
1016 1859 1092 1912 τήν
1139 1856 1228 1899 ὖπό
1266 1873 1397 1899 τινων
1441 1866 1703 1914 ψεγομένην
1735 1856 1830 1902 ἀντὶ
1863 1862 1936 1912 τῆς
1968 1856 2055 1900 ’ὖπό
2087 1861 2268 1899 πάντων

319 1936 654 1993 ἐπαινουμένης,
689 1936 764 1977 διὰ
796 1943 1086 1995 μακροτέρων
1117 1940 1203 1991 μὲν
1235 1934 1365 1983 αὐτᾶς
1395 1937 1605 1993 διῆλθον,
1639 1932 1766 1980 αὗται
1803 1933 1849 1979 δ’
1870 1933 1950 1979 οὖν
1973 1932 2100 1992 ἦσαν,
2143 1938 2266 1980 Isocr.

320 2017 542 2061 Panathen.
592 2032 630 2077 p.
681 2016 785 2062 257.
849 2016 922 2061 Ed.
960 2017 1145 2060 Dobson:
1187 2017 1285 2061 Plat.
1318 2017 1429 2061 Crat.
1468 2017 1569 2067 403,
1606 2018 1664 2062 A:
1701 2018 1803 2067 404,
1839 2017 1894 2072 C3
1929 2018 2114 2077 Xenoph.
2149 2017 2268 2062 Hiero

324 2098 359 2147 4,
402 2101 428 2141 6
452 2100 511 2153 ¹).

438 2180 568 2233 Quem
598 2179 884 2224 nominativum
908 2177 1191 2223 Stallbaumius
1214 2178 1441 2223 absolutum
1467 2178 1560 2222 dicit
1576 2178 1617 2223 in
1636 2179 1754 2223 indie.
1771 2177 1895 2230 Crat„
1917 2193 2006 2238 pag.
2027 2178 2133 2224 242.
2185 2178 2264 2223 Sed

319 2277 364 2304 ea
407 2261 624 2320 appellatio,
669 2276 750 2320 qua
790 2275 909 2304 casus
941 2260 1112 2304 absoluti
1144 2260 1342 2310 (licuntur,
1379 2267 1418 2303 et
1452 2260 1538 2319 ipsa
1571 2275 1643 2319 per
1677 2275 1720 2303 se
1752 2260 1884 2319 inepta
1917 2269 2039 2319 atque
2071 2274 2174 2319 vaga
2207 2268 2267 2303 est

320 2350 358 2386 et
391 2342 466 2386 hoe
500 2342 640 2387 saltem
673 2342 759 2385 loeo
791 2357 837 2385 eo
870 2341 1002 2386 minus
1035 2340 1265 2400 usurpanda
1299 2346 1396 2391 erat,
1432 2340 1540 2399 quod
1575 2340 1662 2384 fieri
1695 2341 1806 2385 facile
1839 2349 1982 2401 potest,
2020 2348 2063 2385 ut
2097 2340 2191 2400 quis
2225 2356 2270 2385 ea

318 2423 541 2483 impellatur
588 2423 639 2467 ad
687 2421 941 2473 eredendum,
993 2421 1276 2467 nominativum
1325 2421 1365 2465 in
1405 2421 1599 2481 ejusmodi
1641 2422 1735 2466 loeis
1776 2437 1799 2466 a
1832 2423 2055 2482 praeceptis
2089 2422 2269 2468 Graecae

318 2506 600 2564 grammaticae
630 2505 910 2549 communibus
945 2520 1023 2547 non
1057 2503 1252 2546 recedere.
1301 2501 1556 2561 Quamquam
1590 2501 1731 2546 Stallb.
1765 2502 1850 2562 ipse.
1883 2503 1968 2546 aliis
2002 2504 2109 2554 loeis,
2151 2512 2195 2548 ut
2226 2505 2267 2548 in

316 2585 426 2629 Crat.
465 2585 565 2635 420,
600 2585 647 2635 D,
683 2591 896 2644 praeeunte
927 2583 1165 2634 Heindorlio‚
1200 2583 1240 2626 in
1273 2582 1372 2626 Plat.
1405 2581 1515 2627 Crat.
1553 2582 1653 2634 403,
1688 2583 1735 2633 Α,
1763 2598 1908 2628 nomen
1931 2593 2114 2645 usurpat,
2141 2600 2269 2630 aceu-

318 2665 433 2711 sativi
476 2664 563 2710 (lieo
603 2664 732 2717 soluti,
777 2680 857 2725 quo
905 2663 995 2725 quis
1044 2662 1108 2709 vix
1156 2661 1386 2723 decipiatur.
1452 2662 1521 2707 Kr.
1555 2678 1729 2726 quoque,
1766 2679 1893 2725 quum
1927 2664 1952 2709 l.
1988 2665 2011 2710 l.
2046 2665 2152 2719 dicit,
2188 2680 2268 2711 no-

319 2747 552 2792 minativum
602 2747 664 2790 hie
715 2745 895 2791 absolute
945 2745 1115 2805 positum
1164 2759 1263 2794 esse,
1310 2743 1441 2787 verbis
1482 2744 1616 2804 potius
1661 2760 1785 2804 quain
1820 2761 1862 2789 re
1896 2761 2063 2806 peceare
2097 2748 2268 2791 videtur.

318 2829 385 2872 Sie
434 2828 515 2871 fere
564 2829 703 2872 Matth.
755 2832 780 2880 9
831 2830 932 2870 344.
996 2825 1228 2884 Diligentius
1280 2826 1353 2868 har
1403 2825 1452 2868 de
1502 2840 1545 2868 re
1593 2826 1774 2886 disputat
1808 2828 1885 2872 Ku.
1921 2833 1946 2882 S
1984 2832 2088 2872 508.
2131 2832 2165 2879 -l,
2200 2830 2268 2888 qui

319 2912 426 2955 hune
475 2909 704 2954 nominativi
754 2924 873 2971 usum
923 2907 973 2951 ad
1014 2906 1247 2950 anacolutha
1294 2905 1482 2955 referens,
1525 2922 1630 2966 quae
1662 2908 1860 2953 rhetorica
1893 2909 2092 2969 appellare
2125 2909 2266 2961 solent.

423 3051 458 3093 ¹)
488 3050 563 3085 cfr.
595 3050 691 3085 inter
723 3050 868 3085 Latinos
901 3049 1106 3085 Horatium:
1143 3050 1256 3085 altera
1292 3049 1348 3084 m’l
1373 3049 1510 3094 obstan
1537 3074 1588 3078 —
1615 3074 1663 3080 --
1693 3075 1740 3080 —
1769 3051 1844 3087 Sat.
1872 3052 1900 3094 Ι,
1936 3050 1973 3094 2,
2011 3050 2098 3094 101,
2127 3051 2171 3087 de
2197 3065 2270 3098 quo

316 3112 393 3149 loco
423 3112 530 3149 adeas
555 3113 598 3149 F.
627 3111 816 3149 Ritterum.

436 3185 673 3218 Lunds-Univ.
700 3175 872 3217 Rrsskrist.
917 3185 1012 3217 Tom.
1038 3186 1073 3215 V.
2128 3190 2146 3219 2
