2941 3765
562 308 619 354 44
1393 327 1427 360 s.
1450 327 1491 360 E.
1514 327 1701 361 Melander.

558 434 677 486 sistit,
729 434 926 495 scriptore
975 433 1166 493 indignus
1216 433 1311 478 mihi
1355 433 1527 479 videtur.
1595 435 1659 478 An
1692 442 2009 479 consentanuem
2043 441 2118 484 est,
2153 431 2367 482 Herodoto,
2403 446 2525 490 quem

557 515 760 560 hominem
811 514 1156 575 religiosissimum
1205 513 1331 559 fuisse
1364 531 1414 559 ex
1449 516 1585 560 multis
1619 515 1743 560 rebus
1775 529 1942 559 cernere
1973 513 2075 564 licet,
2099 514 2145 569 ⁶)
2180 527 2374 572 umquam
2408 512 2525 556 exci-

557 597 667 641 disse
699 596 819 640 haec:
855 596 906 640 sit
939 595 1108 639 forsitan
1141 594 1276 639 divina
1309 596 1559 655 providentia
1593 595 1783 656 sapiens?
1828 596 1919 640 Non
1954 604 2065 657 puto.
2130 597 2272 659 Neque
2303 608 2401 641 vero
2431 592 2527 638 illud

558 681 662 736 γάρ,
707 677 815 736 quod
862 676 911 719 D.
943 676 1134 720 omnibus
1168 675 1375 719 codicibus
1409 677 1634 721 exhibitum
1667 691 1759 720 esse
1792 677 2019 729 confitetur,
2050 680 2143 738 jure
2175 676 2397 739 displicuit;
2432 689 2526 718 nam

555 759 663 802 'ratio
706 758 830 815 hujus
872 756 958 807 loci,
1009 756 1050 798 ni
1084 756 1210 807 fallor,
1247 757 1345 800 haee
1378 765 1460 801 est:
1494 757 1617 802 verba
1652 753 1737 800 ὅσα
1769 760 1855 813 μὲν
1888 760 1978 816 γάρ
2011 784 2074 790 -
2106 785 2166 791 -
2200 758 2250 803 ad
2284 756 2529 818 praecedens

558 839 694 883 ἐοῦσα
735 839 857 893 σοφή
887 837 1217 882 confirmandum
1249 838 1367 882 allata
1401 845 1509 889 sunt,
1546 852 1794 896 quamquam
1827 837 1877 881 ad
1911 839 2122 883 exordium
2155 836 2528 899 comprehensionis

558 918 843 963 convenienter
891 918 954 961 illa
1000 934 1034 960 τ.
1080 919 1129 961 ,9.
1177 917 1218 975 ἦ.
1253 924 1443 975 προνοίη
1478 945 1535 950 -
1572 917 1708 962 ἐοῦσα
1741 930 1781 961 σ.
1816 918 1940 962 verbo
1974 924 2189 976 πεποίηκε
2224 919 2405 977 subjecta
2438 932 2529 961 esse

558 999 774 1043 debebant.
840 999 908 1049 lv,
968 998 1067 1049 447,
1120 1000 1389 1056 προσσχόντι
1439 999 1484 1041 δὲ
1536 1025 1594 1030 -—
1644 1024 1716 1049 —,
1769 999 2025 1043 καταλείπει
2066 1002 2156 1058 γάρ
2201 1026 2261 1033 ——
2295 1025 2372 1051 —,
2405 1012 2528 1058 quem

559 1081 692 1124 locum
737 1080 821 1137 jam
863 1093 990 1137 supra
1024 1093 1143 1137 pagg.
1186 1082 1252 1128 49,
1291 1081 1348 1123 20
1383 1079 1602 1138 attigimus
1639 1079 1710 1122 sed
1742 1080 1792 1122 ad
1827 1080 1878 1131 id,
1914 1081 2032 1140 cujus
2064 1086 2151 1124 tum
2184 1079 2427 1124 mentionem
2462 1078 2527 1121 l'a-

558 1161 779 1211 ciebamus,
815 1160 1086 1204 anacoluthon
1120 1159 1291 1203 alterum
1325 1159 1500 1214 accedit,
1536 1167 1599 1203 est
1630 1161 1736 1205 enim
1769 1161 1941 1206 verbum
1974 1162 2231 1204 καταλείπει
2264 1176 2289 1204 a
2322 1159 2529 1220 participio

558 1255 748 1300 προσσχ.
798 1240 1058 1299 diremptum.
1125 1239 1197 1284 Kr.
1236 1242 1326 1298 γάρ
1372 1240 1700 1300 circumscripsit.
1766 1242 1830 1292 Vl,
1886 1245 1956 1293 53,
2007 1242 2108 1284 τάδε
2160 1243 2206 1285 δὲ
2249 1244 2361 1284 κατὰ
2395 1236 2529 1284 ταῦτα

559 1326 794 1380 λεγόμενα
825 1320 886 1365 ’ὗπ
906 1317 921 1335 ³
947 1319 1178 1378 Ἑλλήνων
1211 1321 1302 1378 ἐγώ
1335 1324 1499 1377 γράφω
1519 1339 1530 1348 ·
1564 1317 1739 1371 τούτους
1758 1326 1847 1381 γὰρ
1871 1324 1925 1380 δή
1949 1327 2049 1372 τούς
2070 1330 2290 1381 Δωριέων
2313 1324 2532 1379 βασιλέας

560 1411 695 1463 μέχρι
717 1406 807 1460 μὲν
830 1406 1030 1463 Περσέος
1049 1405 1125 1446 τοῦ
1148 1404 1331 1459 Δανάης
1352 1428 1411 1435 —-
1437 1429 1495 1436 —
1515 1404 1900 1459 καταλεγομένους
1925 1399 2083 1461 ὄρθοῦς
2106 1399 2192 1447 ’ὕπ’
2206 1401 2433 1462 Ἑλλήνιον
2455 1405 2530 1445 καὶ

561 1481 972 1540 ἀποδεικνυμένους
988 1479 1049 1531 ὥς
1066 1478 1379 1539 εἰσιἛλληνες.
1419 1482 1613 1541 Sequitur
1630 1483 1784 1542 longior
1803 1483 2008 1543 interjecta
2025 1485 2164 1535 oratio,
2183 1499 2265 1542 quo
2283 1485 2433 1540 factum
2452 1491 2526 1533 est,

558 1572 604 1610 ut
642 1564 822 1612 τούτους
857 1566 957 1613 τούς
992 1563 1207 1621 βασιλέας
1247 1562 1635 1618 καταλεγομένους
1672 1567 1747 1606 καὶ
1789 1559 2199 1619 ἀποδεικνυμένους
2239 1564 2393 1610 nullum
2428 1577 2527 1608 ver-

560 1646 660 1690 bum
684 1645 842 1695 habeat,
867 1659 950 1703 quo
973 1644 1185 1688 referatur.
1219 1643 1451 1687 Sententiae
1473 1650 1607 1687 tamen
1629 1644 1970 1688 continuationem
1992 1644 2156 1704 praebet
2174 1641 2265 1688 άπὸ
2283 1645 2329 1688 δὲ
2349 1645 2532 1702 Δανάης

562 1754 621 1760 -
640 1753 702 1759 -
720 1726 1012 1782 καταλέγοντι
1030 1726 1130 1773 τούς
1146 1722 1242 1767 ἄνω
1261 1723 1348 1768 αιέὶ
1364 1730 1555 1782 πατέρας
1565 1719 1712 1767 αὗταῐν
1727 1731 1958 1779 φαινοίατο
1977 1722 2033 1768 ἄν
2049 1724 2192 1774 ἐόντες
2207 1725 2250 1768 οἳ
2268 1728 2357 1769 τῶν
2374 1731 2529 1783 Δωρι-

558 1814 650 1849 έων
701 1804 923 1863 ἡγεμόνες
971 1804 1205 1861 Αἰγύπτιοι
1242 1803 1490 1860 ἰθαγενέες.
1558 1803 1628 1848 Kr.
1664 1811 1772 1848 recte
1806 1804 1914 1857 vidit,
1949 1804 2106 1851 initium
2139 1805 2191 1850 ab
2225 1805 2426 1851 Herodoto
2459 1806 2528 1851 in-

561 1887 750 1930 stitutum
798 1901 901 1936 esse,
954 1885 1072 1943 quasi
1122 1899 1290 1944 pergere
1337 1885 1453 1929 vellet
1496 1881 1587 1927 α’πὸ
1631 1884 1719 1942 (δὲ)
1761 1888 1944 1943 Δανάης
1975 1885 2241 1943 Αἰγυπτίους
2273 1883 2528 1942 ἀποφαίνω.

560 1967 622 2011 St.
671 1966 767 2011 illud
814 1968 919 2022 γάρ,
969 1965 1079 2024 quod
1113 1965 1319 2010 codicibus
1354 1965 1452 2009 satis
1485 1973 1547 2009 est
1580 1965 1877 2016 confirmatum,
1913 1967 2144 2025 exstirpans
2177 1967 2391 2017 existimat,
2427 1970 2529 2011 τού-

558 2064 657 2096 τους
699 2048 800 2095 τούς
846 2073 906 2079 —
958 2072 1020 2078 —
1062 2045 1114 2089 ad
1164 2046 1446 2105 explicandum
1495 2046 1582 2090 voci
1633 2045 1737 2089 τάδε
1777 2047 2004 2106 appositum
2046 2062 2157 2091 esse:
2203 2049 2308 2093 dasz
2338 2050 2529 2093 na'mlich

559 2128 686 2173 diese.
734 2163 743 2172 .
792 2162 800 2172 .
851 2126 1036 2172 Alterum
1085 2126 1207 2185 hujus
1257 2126 1330 2170 loci
1385 2126 1655 2171 anacoluthon
1714 2140 1804 2186 pag.
1863 2129 1915 2172 24
1971 2128 2096 2187 attigi.
2168 2129 2241 2180 Vl,
2294 2133 2374 2180 64,
2426 2129 2528 2173 ἐοῦ-

560 2222 644 2251 σαν
693 2209 782 2265 γάρ
831 2222 916 2262 μιν
956 2208 1005 2250 το“
1040 2203 1160 2255 εἶδος
1190 2205 1398 2265 φλαύρην
1432 2204 1460 2264 ἦ
1492 2208 1659 2265 τροφός
1690 2201 1834 2264 αὕτῆς,
1870 2203 1947 2250 οἶα
1979 2202 2246 2264 ἀνθρώπων
2277 2226 2320 2253 τε
2355 2206 2529 2266 ὄλβι’ων

562 2291 792 2344 θυγατέρα
834 2291 908 2329 καὶ
950 2286 1156 2328 δυσειδέα
1188 2286 1365 2339 ἐοῦσαν,
1400 2289 1515 2343 πρὸς
1546 2287 1701 2328 δὲκαὶ
1734 2285 1929 2344 ὅρέουσα
1961 2290 2063 2335 τοῦς
2094 2294 2255 2344 γονέας
2286 2292 2530 2347 συμφορήν

556 2370 603 2410 τό
655 2364 774 2415 εἶδος
821 2361 953 2424 αὗτῆς
1000 2372 1309 2421 ποιευμένους,
1359 2369 1493 2409 ταῦτα
1543 2365 1705 2409 ἕκαστα
1746 2368 1972 2422 μαθοῦσα
2021 2366 2304 2428 ἐπιφράζεται
2346 2370 2495 2413 τοιάδε
2516 2386 2528 2397 ·

557 2446 716 2505 ἐφόρεε·
763 2443 897 2505 α”υτήν
930 2474 991 2480 --
1026 2474 1099 2491 —-.
1134 2446 1219 2491 Hoc
1251 2446 1338 2491 loco
1371 2446 1432 2491 St.
1466 2453 1505 2490 et
1538 2446 1617 2491 Ab.
1650 2446 2034 2499 animadverterunt,
2070 2448 2233 2493 ἐοῦσαν
2264 2477 2323 2484 -
2358 2467 2446 2506 μεν
2479 2466 2530 2495 ex

557 2527 683 2574 verbo
715 2526 875 2587 ἐφόρεε
904 2528 987 2588 Jam
1019 2527 1084 2572 hic
1116 2527 1360 2572 obversante
1383 2527 1567 2587 pendere,
1594 2535 1634 2572 et
1655 2526 1904 2573 Herodotum
1926 2530 2157 2576 accusativo
2179 2529 2341 2574 ἐοῦσαν
2365 2559 2423 2565 -
2446 2549 2531 2587 μιν

559 2607 797 2668 negligendo
829 2607 1100 2652 anacoluthon
1131 2607 1356 2652 admisisse.
1423 2608 1488 2660 Vl,
1532 2610 1630 2660 432,
1666 2607 1850 2666 αἰτήσας
1883 2608 1928 2652 δὲ
1963 2617 2064 2660 νέας
2096 2637 2157 2643 -
2190 2638 2249 2645 -
2284 2638 2345 2646 ——
2378 2640 2451 2665 -‚
2478 2610 2531 2658 οὗ

561 2689 741 2747 φράσας
773 2715 848 2742 —-,
883 2684 1002 2730 α’λλά
1036 2690 1123 2743 φάς
1156 2714 1215 2720 —
1250 2715 1325 2731 —.
1360 2689 1521 2733 Initium
1554 2690 1678 2748 hujus
1708 2689 1872 2747 periodi,
1908 2691 2017 2748 quod
2040 2691 2142 2734 infra
2166 2693 2359 2751 repetitur
2381 2694 2531 2749 λέγων

562 2771 744 2811 τοιαῦτα
792 2768 906 2810 αἴτεε
945 2769 1020 2815 τάς
1063 2773 1177 2821 νέας,
1223 2776 1406 2812 extremo
1439 2769 1568 2828 capite
1601 2768 1824 2814 absolvitur
1849 2766 2085 2827 Ἀθηναῖοι
2120 2770 2166 2813 δὲ
2203 2798 2259 2803 —-
2295 2799 2355 2804 -—
2389 2780 2531 2832 παρε-

563 2848 719 2902 δοσαν,
753 2847 865 2907 quod
898 2847 1003 2890 idem
1036 2848 1140 2891 valet
1172 2856 1295 2908 atque
1327 2850 1557 2908 παρέλαβε
1593 2846 1712 2908 παρ’
1738 2845 2008 2907 Ἀθηναίων.
2074 2851 2119 2894 ln
2153 2851 2261 2896 hunc
2294 2853 2425 2899 locum
2457 2853 2529 2898 cfr.

560 2944 653 2989 pag.
696 2930 764 2973 44.
831 2928 894 2972 Ad
928 2929 1027 2972 haec
1061 2928 1243 2987 exempla
1274 2929 1355 2973 duo
1389 2930 1593 2980 accedant,
1630 2930 1670 2973 in
1703 2929 1854 2989 quibus
1887 2938 2051 2989 propter
2083 2933 2304 2977 orationem
2327 2934 2531 2992 obliquam

668 3046 703 3091 6)
732 3045 874 3090 Quanta.
913 3044 952 3080 in
993 3044 1143 3081 deorum
1176 3058 1309 3081 numen
1341 3024 1475 3093 pietate
1502 3047 1610 3083 fuerit
1636 3047 1853 3089 Herodotus,
1883 3052 1924 3082 ut
1951 3061 2154 3094 cognoscas,
2181 3049 2285 3084 adeas
2311 3051 2529 3092 Abichtium,

561 3108 664 3144 Tom.
694 3108 723 3151 Ι,
749 3119 856 3155 pagg.
888 3105 950 3151 16,
979 3118 1059 3154 sqq.
