2941 3765
698 309 756 353 56
1527 326 1561 360 S.
1586 328 1626 361 E.
1650 328 1835 362 Malandar-

697 435 768 483 55,
825 432 862 483 4,
921 435 998 487 10;
1049 432 1180 476 Madv.
1231 437 1256 487 S
1314 436 1411 484 159,
1464 434 1558 478 adn.
1611 436 1658 489 43
1700 436 1749 479 R.
1792 440 1817 490 S
1866 438 1965 485 122,
2000 435 2093 478 adn.
2130 437 2182 487 3·,
2216 434 2294 478 Κυ.
2329 437 2355 487 S
2390 432 2494 484 771,
2533 436 2582 484 5,
2601 433 2659 488 «1η

694 513 836 558 Matth.
872 516 897 567 S
932 516 1036 567 631,
1072 516 1113 564 2,
1150 514 1245 568 fin.;
1282 514 1328 558 B.
1363 529 1455 574 pag.
1492 518 1597 560 369.
2154 519 2156 521 ’

814 592 947 653 Hujus
995 593 1156 653 generis
1206 601 1303 638 sunt
1353 595 1383 644 l,
1435 593 1539 645 207,
1586 592 1716 639 εἶπον
1755 598 1843 651 μὲν
1883 602 1957 640 καὶ
1996 597 2216 655 πρότερόν
2256 609 2338 648 τοι,
2374 589 2440 637 ὅτι
2473 592 2573 636 ἐπι-ί
2599 609 2660 650 με

694 677 805 723 Ζεύς
852 674 996 718 ἔδωκέ
1042 689 1124 727 τοι,
1177 677 1225 718 τό
1260 672 1315 717 ἄν
1350 674 1448 733 ὁρῶ
1482 675 1674 733 σφάλμα
1708 676 1927 735 ἐόνοῖκῳ
1960 679 2023 735 τῷ
2055 679 2138 735 σῷ,
2172 678 2282 718 κατὰ
2316 674 2511 731 δύναμιν
2543 670 2660 717 ἄπο-

692 761 888 812 τρέψειν.
945 755 1062 799 Haud
1096 755 1231 814 inepte
1263 755 1325 799 St.
1358 756 1652 808 animadvertit,
1689 756 1881 816 particula
1914 752 1981 799 ὅτι
2013 756 2195 800 immissa
2227 763 2413 815 apertum
2445 754 2544 804 fieri,
2577 770 2660 814 quo

692 835 920 881 enunciatio
952 834 1051 878 ἐπεί
1078 862 1142 868 --
1182 834 1325 879 ἔδωκέ
1356 852 1422 879 τοι
1463 837 1671 883 referenda
1717 838 1780 881 sit.
1847 838 1910 887 Ill,
1949 839 2020 888 32,
2058 835 2293 893 Αἰγύπτιοι
2326 834 2374 878 δὲ
2409 837 2493 891 (sc.
2529 839 2659 892 φασι)

693 912 756 965 ὥς
801 917 988 975 τραπέζῃ
1038 923 1409 975 περικατημένων
1457 918 1688 976 λαβοῦσαν
1743 917 1941 976 θρίδακα
1989 919 2069 976 τήν
2109 920 2301 973 γυναῖκα
2332 916 2550 974 περιτῖλαι
2586 919 2660 959 καὶ

693 994 1015 1055 ἕπανείρεσθαι
1063 998 1141 1039 τόν
1191 994 1348 1057 ἄνδρα.
1413 998 1517 1045 Cum
1567 999 1642 1043 hoc
1675 998 1760 1043 loco
1793 997 1894 1043 male
1925 1005 2264 1059 comparaverunt
2296 996 2371 1041 Lh.
2406 1004 2446 1040 et
2479 996 2557 1041 Ab.
2592 995 2658 1048 lV,

700 1076 799 1128 137,
835 1076 971 1137 Sg.1‚
1009 1079 1092 1133 70;
1129 1093 1223 1122 nam
1246 1079 1310 1124 ,ibi
1345 1080 1499 1125 nullum
1533 1088 1595 1124 est
1627 1080 1909 1125 anacoluthon.
2394 1068 2397 1070 ’

820 1158 897 1201 Fit
945 1159 1076 1201 etiam
1119 1173 1451 1216 nonnumquam,
1492 1165 1539 1204 ut
1578 1162 1766 1217 scriptor
1805 1173 1927 1203 voces
1959 1162 2164 1215 negantes
2195 1162 2386 1214 usurpet,
2418 1172 2525 1215 quae
2559 1158 2660 1212 affi-

693 1253 792 1281 nem
840 1252 986 1281 vocem
1034 1241 1287 1294 respiciant,
1328 1256 1455 1296 quum
1487 1243 1608 1284 nulla
1642 1242 1851 1294 ejusmodi
1882 1254 1964 1283 vox
1996 1242 2043 1283 in
2076 1239 2422 1282 antecedentibus
2455 1252 2663 1295 expressa

696 1321 764 1363 sit.
827 1318 958 1377 Cujus
1001 1319 1058 1361 rei
1092 1319 1172 1363 duo
1207 1327 1301 1364 sunt
1334 1321 1441 1379 apud
1475 1320 1719 1365 Herodotum
1754 1319 1947 1379 exempla,
1983 1320 2029 1370 ll,
2068 1322 2139 1368 91,
2170 1315 2465 1372 Ἑλληνικοῖσι
2501 1317 2547 1361 δὲ
2584 1333 2662 1361 νο-

697 1404 882 1454 μαίοισι
917 1397 1134 1454 φεύγουσι
1164 1400 1385 1457 χρᾶσθαι,
1419 1402 1467 1443 τό
1501 1400 1547 1443 δὲ
1583 1402 1766 1455 σύμπαν
1800 1399 1954 1453 εἰπεῖν,
1986 1400 2084 1458 μηδ’
2103 1395 2117 1414 ³
2149 1397 2304 1442 ἄλλων
2336 1398 2535 1456 μηδαμά
2567 1414 2662 1454 μη-

698 1478 864 1536 δαμῶν
913 1476 1179 1538 ἀνθρώπων
1227 1487 1473 1536 νομαίοισι.
1539 1481 1640 1525 Nam
1692 1494 1811 1525 voces
1851 1480 1985 1539 μηδέ,
2019 1480 2231 1538 μηδαμά,
2265 1479 2499 1537 μηδαμῶν
2530 1492 2661 1523 usur—

695 1568 859 1619 pantur,
913 1560 1031 1619 quasi
1080 1568 1173 1603 ante
1222 1561 1416 1620 scriptum
1460 1570 1568 1606 esset
1601 1577 1683 1605 non
1716 1563 1932 1617 φεύγουσι
1959 1561 2182 1618 χρᾶσθαι,
2217 1561 2288 1604 Kr.
2323 1560 2350 1611 l,
2390 1562 2460 1611 55,
2499 1562 2539 1610 3,
2582 1562 2659 1613 483

696 1642 725 1690 l,
764 1639 837 1690 67,
894 1643 961 1690 12,
1012 1643 1051 1690 5,
1098 1641 1167 1684 sed
1202 1642 1414 1696 φεύγουσι
1447 1645 1513 1697 μή
1540 1645 1763 1699 χρᾶσθαι,
1797 1643 1868 1685 Kr.
1902 1642 1930 1691 l,
1969 1641 2040 1691 67,
2083 1644 2149 1692 12,
2187 1645 2228 1685 3.
2295 1642 2360 1691 lv,
2398 1640 2470 1689 76,
2507 1639 2661 1684 Ξεινι-

696 1723 816 1764 κοῖσι
850 1719 899 1764 δὲ
931 1727 1162 1776 νομαίοισι
1194 1725 1268 1765 καὶ
1302 1714 1422 1765 οὗτοι
1455 1721 1592 1771 αἰνῶς
1615 1722 1823 1780 χρᾶσθαι
1857 1722 2085 1777 φεύγουσι,
2120 1725 2189 1779 μή
2222 1728 2291 1766 τοί
2318 1738 2370 1778 γε
2402 1716 2467 1764 ὢν
2490 1718 2660 1772 ἄλλων,

697 1801 998 1859 Ἑλληνικοῖσι
1038 1800 1084 1844 δὲ
1126 1805 1200 1844 καὶ
1233 1796 1400 1858 ἥκιστα.
1465 1803 1544 1856 Qui
1577 1802 1690 1848 locus
1724 1803 1902 1848 similiter
1935 1811 2057 1862 atque
2090 1803 2274 1862 superior
2305 1802 2367 1846 ille
2399 1798 2661 1859 explicandus

704 1883 879 1927 videtur.
945 1879 1134 1924 Ceterum
1167 1881 1208 1924 in
1240 1881 1326 1940 ipso
1359 1882 1575 1926 vei-borum
1607 1890 1801 1927 contextu
1833 1882 2115 1927 constituendo
2148 1882 2322 1925 editores
2354 1881 2459 1925 inter
2492 1895 2537 1923 se
2569 1879 2659 1923 dis-

698 1970 881 2023 crepant.
946 1962 995 2004 D.
1036 1963 1162 2012 docet,
1208 1962 1448 2021 scripturam
1492 1966 1560 2020 μή
1592 1970 1664 2007 τοί
1691 1982 1743 2021 γε
1777 1962 1992 2022 ἀλλήλων
2024 1964 2136 2007 libris
2168 1963 2360 2012 exhiberi,
2396 1976 2519 2021 quam
2553 1961 2661 2005 Her-

700 2058 891 2093 mannus,
943 2041 984 2085 in
1036 2041 1226 2100 Viget-um
1268 2057 1358 2102 pag.
1402 2046 1504 2095 802,
1540 2045 1762 2089 emendavit
1795 2044 1931 2103 μήτοι
1964 2060 2016 2101 ys
2050 2040 2115 2087 ὥν
2147 2041 2317 2087 ἄλλων.
2381 2042 2660 2093 Hei-mannum

699 2132 838 2171 autem
887 2122 1015 2168 secuti
1065 2129 1161 2167 sunt
1212 2123 1297 2175 Lh„
1342 2123 1425 2176 Kr„
1469 2125 1530 2178 D„
1566 2141 1812 2187 quamquam
1846 2127 1917 2172 Kr.
1951 2141 2033 2171 non
2067 2134 2198 2186 negat,
2234 2125 2328 2171 illud
2362 2120 2576 2183 ἀλλήλων
2609 2138 2660 2167 ex

699 2207 772 2251 Kr.
821 2206 850 2257 l,
906 2207 977 2256 51,
1024 2206 1063 2255 3,
1107 2204 1201 2248 adn.
1235 2204 1392 2250 defendi
1425 2222 1555 2267 posse.
1621 2208 1756 2254 Schw.
1796 2208 1901 2254 dedit
1934 2206 2002 2268 μή
2034 2224 2071 2251 τι
2104 2223 2153 2264 γε
2190 2203 2255 2252 (ὃν
2288 2202 2516 2264 ἀλλήλων,
2550 2204 2660 2265 quod

697 2287 840 2331 Matth.
885 2289 910 2340 S
947 2288 1053 2334 610,
1091 2287 1118 2330 2
1153 2286 1323 2345 explicat
1356 2302 1427 2332 um
1459 2290 1576 2333 nicht
1607 2304 1660 2333 eu
1692 2304 1837 2346 sayen,
1868 2294 1997 2335 anter
2029 2290 2251 2344 einander,
2283 2289 2321 2333 d.
2353 2289 2391 2332 h.
2424 2287 2543 2331 nicht
2574 2301 2660 2330 nur

690 2369 833 2421 nicht3
874 2381 897 2409 a
944 2380 1026 2424 qua
1071 2366 1286 2425 scriptura,
1321 2382 1444 2426 quam
1477 2370 1516 2412 in
1550 2370 1751 2414 nonnullis
1784 2372 1988 2416 codicibus
2019 2385 2121 2421 esse,
2157 2369 2293 2413 Schw.
2326 2367 2543 2418 contendit,
2580 2381 2660 2410 non

692 2449 865 2493 multum
908 2446 1044 2490 differt
1086 2446 1342 2491 Johanssonii
1376 2452 1445 2505 μή
1478 2456 1519 2494 τί
1545 2466 1595 2504 γε
1629 2447 1694 2493 ὦν
1727 2448 1895 2493 ἄλλων.
1961 2451 2039 2495 Ab.
2081 2451 2216 2494 codice
2250 2451 2284 2493 A
2319 2450 2434 2493 nisus
2464 2450 2533 2503 μή
2568 2436 2660 2489 ’τοι-

692 2530 852 2585 γαραῖν
902 2524 1060 2569 ἄλλων
1102 2526 1274 2585 scripsit.
1341 2527 1400 2572 St.
1444 2529 1484 2572 in
1518 2538 1752 2574 contextum
1790 2532 1937 2591 recepit
1970 2533 2038 2588 μή
2069 2537 2140 2574 τοί
2168 2547 2220 2587 γε
2254 2526 2320 2573 ὧν
2352 2526 2565 2585 ἀλλήλων
2598 2527 2661 2569 ille

691 2608 867 2665 quidem,
904 2607 975 2649 sed
1008 2608 1188 2665 conjecit,
1226 2608 1438 2665 legendum
1461 2625 1551 2653 esse
1572 2618 1642 2653 aut
1664 2629 1697 2665 μ
1706 2614 1752 2666 ήι
1772 2608 1787 2625 ³
1811 2608 1948 2653 ὅτεων
1971 2610 2127 2653 ἄλλων
2150 2611 2324 2653 ἐθνέων
2348 2611 2371 2652 Ι.
2396 2606 2661 2665 ἀνθρώπων

691 2701 763 2736 aut
793 2709 844 2746 μ.
881 2688 920 2733 ὖ.
957 2687 1128 2739 ἄλλων,
1156 2685 1386 2743 Ἑλλήνων
1418 2689 1464 2732 δὲ
1499 2696 1572 2732 καὶ
1606 2686 1773 2746 ἥκιστα.
1818 2690 1889 2749 Sg.
1922 2692 2043 2735 habet
2073 2691 2140 2747 μή
2173 2698 2243 2733 τοί
2269 2708 2320 2746 γε
2344 2686 2410 2732 ὧν
2432 2686 2659 2745 ἀλλήλων.

816 2770 1054 2830 Sequantui·
1097 2767 1182 2819 loci,
1230 2768 1297 2813 ubi
1340 2771 1521 2815 duorum
1553 2771 1848 2824 membrorum,
1882 2785 1989 2826 quae
2021 2773 2135 2815 inter
2166 2787 2212 2816 se
2244 2772 2506 2826 respondere
2538 2771 2661 2815 debe-

692 2853 808 2908 bant,
849 2866 978 2909 quum
1022 2850 1205 2894 alterum
1238 2849 1373 2894 altero
1407 2852 1656 2895 destitutum
1681 2851 1827 2907 primo
1861 2853 2064 2908 adspectu
2097 2853 2307 2907 videatur,
2339 2853 2416 2897 hoc
2450 2856 2591 2895 tamen
2622 2851 2663 2895 si

691 2947 779 2979 non
812 2934 970 2988 forma
1011 2935 1057 2975 at
1089 2944 1138 2974 re
1171 2934 1212 2974 et
1243 2943 1371 2976 sensu
1405 2933 1452 2977 in
1483 2931 1753 2989 sequentibus
1787 2933 2000 2976 contineri
2032 2933 2281 2987 diliyentius
2312 2933 2551 2989 inquirenti
2583 2946 2661 2987 ap-

685 3019 856 3073 pareat.
907 3014 1039 3060 veluti
1073 3012 1311 3074 particulam
1347 3020 1434 3070 μέν
1469 3028 1550 3058 non
1586 3028 1746 3074 semper
1780 3012 1965 3072 sequitui·
2001 3012 2252 3073 respondens
2287 3012 2338 3057 δέ
2367 3020 2438 3058 aut
2459 3028 2510 3056 ex
2533 3012 2606 3056 ΚΡ.
2631 3012 2658 3063 Ι,

694 3099 766 3147 69,
821 3098 892 3147 35,
947 3098 972 3140 3
1024 3087 1195 3155 cognata
1241 3108 1319 3138 vox
1362 3101 1405 3138 ut
1448 3089 1558 3153 ἀτάρ
1601 3094 1676 3151 (V,
1722 3096 1794 3145 92,
1837 3095 1906 3147 2),
1941 3100 2093 3150 μέντοι
2130 3094 2220 3150 (lu,
2264 3097 2361 3144 135,
2398 3095 2509 3151 lim),
2545 3089 2664 3137 α’λλά
