2941 3765
1077 356 1126 389 De
1148 355 1357 389 anacoluthis
1379 355 1590 390 Herodoteis.
2252 327 2257 337 Ι
2293 337 2319 379 3

362 463 420 513 fit,
464 464 808 508 constructionum
851 465 1089 524 permutatio
1131 465 1269 509 vitium
1311 465 1336 508 l.-
1369 466 1630 509 soloecismus
1664 465 1996 519 (ooiocxaeoffaece's)
2030 463 2163 522 potius
2196 477 2318 521 quam

361 544 629 588 anacoluthon
677 545 832 589 dicatur
852 548 912 600 ⁹).
978 547 1113 603 Atque
1153 545 1247 588 illud
1281 547 1575 604 perspicuitatis
1609 545 1788 588 studium
1824 544 1882 586 vel
1917 543 2091 586 maxime
2123 544 2316 592 cernitur,

360 639 488 682 quum
522 623 703 684 scriptor,
739 634 953 685 postquam
986 625 1027 669 in
1061 624 1229 670 mediam
1264 627 1503 671 sententiam
1528 625 1759 684 primariam
1782 623 1983 681 longiores
2006 632 2141 682 partes
2166 639 2318 668 seeim-

360 703 493 748 darias
533 704 737 764 interjecit,
777 706 943 766 vincepta
986 714 1191 752 structura
1224 706 1484 766 relinquenda
1516 711 1831 764 consequentem
1865 710 2187 763 perpetuumque
2218 718 2318 747 ora-

360 784 479 828 tionis
523 793 701 830 tenorem
742 788 983 847 abrumpere
1022 802 1144 847 quam
1185 788 1381 831 sententia
1425 787 1476 831 ad
1506 788 1662 846 justum
1695 786 1818 829 finem
1856 784 2111 844 perducenda
2144 784 2317 844 aliquam

359 865 616 909 obscuritatis
656 868 812 926 culpam
854 868 894 910 in
937 884 980 910 se
1022 869 1231 911 admittere
1274 868 1423 917 maluit,
1468 867 1576 926 quod
1610 881 1737 926 quum
1772 867 1829 915 tit,
1866 880 1912 907 ea
1945 880 2050 924 quae
2083 865 2315 925 interposita

360 953 457 990 sunt
488 947 538 990 ad
572 948 799 1007 primariam
834 948 1072 992 sententiam
1105 949 1418 993 concludendam
1454 963 1572 1007 saepe
1605 948 1684 991 vim
1719 947 1882 990 liabent.
1949 946 2089 1004 Neque
2120 953 2254 989 tamen
2277 946 2317 988 in

359 1026 605 1086 longioribus
655 1037 811 1073 tantum
859 1029 1076 1074 verborum
1116 1030 1541 1090 comprehensionibus
1583 1028 1669 1073 fieri
1713 1027 1824 1079 solet,
1862 1035 1908 1071 ut
1941 1026 2129 1086 primaria
2163 1042 2316 1071 secun-

358 1107 480 1152 dariis
505 1108 583 1153 sint
606 1111 915 1162 accommodata,
936 1110 1006 1155 sed
1022 1111 1215 1170 ejusmodi
1232 1111 1429 1171 quaedam
1447 1111 1632 1155 attractio
1649 1109 1767 1154 etiam
1785 1108 1838 1152 ibi
1857 1108 1986 1153 locum
2005 1108 2154 1152 habere
2171 1116 2314 1166 potest,

358 1189 427 1234 ubi
462 1190 697 1234 secundaria
729 1191 925 1236 sententia
949 1190 1108 1237 brevior
1138 1198 1211 1243 est,
1237 1191 1275 1236 id
1299 1191 1408 1251 quod
1434 1206 1561 1250 quum
1587 1205 1637 1234 ex
1663 1189 1749 1234 aliis
1775 1196 1862 1234 tum
1879 1204 1930 1233 ex
1948 1187 2144 1234 infinitivo
2163 1202 2316 1248 paren-

359 1270 504 1312 thetica
536 1271 597 1313 illa
632 1270 693 1318 ιῦς
724 1273 918 1325 λέγουσι,
953 1270 1015 1319 (ὗς
1045 1273 1354 1327 πυνθάνομαι,
1390 1272 1528 1315 similia
1562 1271 1837 1329 subsequente
1861 1270 1959 1313 satis
1982 1277 2148 1328 apparet
2172 1272 2230 1325 ¹).
2257 1295 2314 1299 —

358 1350 445 1393 Jam
495 1366 625 1408 p‹›rro,
678 1360 722 1393 ut
771 1366 875 1408 quae
922 1360 1027 1394 esset
1075 1353 1405 1396 anacoluthon-um
1446 1353 1506 1394 vis
1548 1359 1671 1408 atque
1716 1352 1816 1393 ratio
1857 1351 1998 1393 melius
2032 1351 2314 1399 illustraretur,
2350 1336 2356 1342 ⁴

358 1430 466 1475 haud
514 1430 686 1474 alienum
738 1430 831 1474 mibi
879 1431 1008 1475 visum
1053 1440 1125 1483 est,
1173 1433 1267 1491 quid
1301 1433 1404 1476 inter
1437 1431 1675 1475 anacolutha
1710 1439 1748 1473 et
1781 1430 1878 1473 alias
1913 1430 2128 1473 nonnullas
2161 1431 2317 1489 figuras

358 1510 581 1560 interesset,
625 1511 664 1554 in
699 1511 876 1555 medium
909 1511 1098 1570 proferre.
1165 1513 1297 1556 Prima
1331 1520 1465 1556 autem
1499 1510 1645 1569 ellipsis
1678 1525 1770 1554 eum
1804 1510 2044 1554 anacolutlio
2080 1511 2316 1554 instituatur

357 1590 613 1652 comparatio.
678 1591 878 1635 Etmffls
915 1589 1176 1649 (Ἕλλειψις)
1211 1592 1331 1652 igitur
1363 1601 1450 1636 tum
1483 1591 1677 1635 exsistere
1700 1590 1857 1642 dicitur,
1883 1606 2011 1650 quum
2035 1607 2163 1636 unum
2188 1607 2315 1636 vima-

358 1672 496 1716 bulum
546 1672 607 1716 vel
649 1672 775 1732 plura,
819 1686 923 1731 quae
955 1686 1085 1732 neque
1118 1687 1167 1715 ex
1200 1671 1528 1716 antecedentibus
1563 1686 1693 1732 neque
1726 1686 1776 1716 ex
1811 1672 2155 1732 consequentibus
2190 1672 2315 1732 repeti

356 1760 540 1811 possunt,
583 1753 836 1802 omittuntur,
879 1753 1063 1810 quamvis
1105 1755 1153 1796 ad
1188 1754 1315 1812 ipsam
1349 1753 1586 1796 sententiam
1621 1753 1794 1812 perfecte
1827 1752 2131 1811 exprimendam
2167 1766 2315 1795 neces-

357 1833 463 1875 saria
497 1833 612 1876 nobis
645 1833 869 1877 videantur.
917 1833 1044 1892 Cujus
1076 1836 1229 1893 figurae
1261 1834 1442 1892 exemplo
1476 1834 1525 1877 sit
1558 1834 1754 1877 omissum
1777 1834 1949 1878 verbum
1973 1834 2179 1893 copulans,
2205 1833 2314 1892 quod

354 2006 600 2051 griechischen
638 2007 896 2053 Schriftsteller
928 2006 1109 2042 verlassen
1142 2007 1224 2042 sehr
1259 2008 1314 2052 oft
1340 2006 1398 2042 die
1424 2007 1727 2052 loqisek-richtiye
1753 2007 1839 2043 oder
1867 2007 1960 2043 auch
1988 2007 2046 2043 dic
2072 2010 2185 2043 sonst-
2200 2006 2315 2042 durch

357 2071 428 2106 den
471 2071 790 2116 Sprachyebrauch
828 2069 1057 2114 einqefdhrte
1100 2068 1281 2114 Ordmmy
1320 2071 1408 2107 oder
1440 2070 1653 2113 Beziehunq
1689 2069 1754 2105 der
1791 2069 1931 2105 Warter
1958 2071 2057 2106 eines
2088 2071 2225 2113 Satees,
2253 2081 2315 2104 um

356 2133 520 2174 dadureh
561 2133 736 2170 entweder
770 2134 838 2170 den
874 2134 1107 2178 Naeledruek,
1135 2134 1198 2171 der
1225 2135 1300 2181 auf
1321 2135 1436 2171 ciuem
1463 2135 1549 2170 oder
1575 2134 1759 2171 mehreren
1795 2134 1963 2171 Wo'rtern
1991 2135 2090 2181 Iieqt,
2117 2146 2164 2171 zu
2192 2135 2315 2179 heben,

355 2197 442 2232 oder
482 2197 540 2231 dic
578 2196 821 2232 Deutlieltlcev't
852 2208 899 2231 zu
934 2197 1137 2241 besarderm
1172 2198 1256 2233 oder
1290 2198 1384 2233 auch
1410 2197 1510 2232 ihrer
1536 2197 1635 2233 Rede
1664 2198 1721 2232 die
1748 2208 2047 2243 unyeewunycne
2074 2198 2317 2243 Leicletiykeit

356 2258 419 2295 des
449 2256 733 2304 Gespraemones
755 2259 839 2294 und
865 2260 1027 2296 dadurch
1055 2261 1112 2297 die
1139 2261 1259 2296 Farbe
1286 2261 1349 2296 der
1376 2260 1542 2295 Anmuth
1559 2271 1607 2295 zu
1624 2261 1745 2305 ychen.
1791 2261 1864 2296 Die
1882 2261 2103 2296 klassisehen
2123 2252 2315 2297 Attiscleen

360 2321 620 2367 Schraftsteller
647 2322 737 2357 {kun
765 2322 877 2358 dieses
903 2324 963 2359 nie
989 2323 1078 2359 ohne
1104 2323 1183 2359 eine
1209 2323 1324 2359 dieser
1342 2322 1604 2366 Rttcksichtem
1622 2323 1680 2359 die
1697 2326 1847 2368 spatern
1866 2324 2132 2359 Redekunstler
2150 2323 2312 2369 dayeyen

354 2386 488 2422 suchen
531 2386 642 2420 darin
683 2385 762 2421 eine
800 2385 980 2431 Elcqanz,
1014 2386 1074 2421 dic
1097 2386 1249 2431 sreilich
1276 2386 1358 2421 eben
1388 2385 1552 2421 dadurch
1578 2386 1741 2422 verloren
1766 2386 1861 2430 9eht,
1889 2386 1979 2421 dasz
2005 2386 2059 2421 sie
2082 2386 2233 2430 qesucht
2259 2387 2318 2422 ist.

354 2451 391 2483 et.
416 2447 537 2495 paullo
563 2447 674 2483 infra:
707 2447 829 2484 Solche
855 2447 1146 2494 Abweichunyen
1172 2447 1399 2495 (anacolutha
1425 2447 1526 2493 dicit)
1554 2460 1623 2484 von
1651 2449 1715 2485 der
1739 2448 2020 2493 yram-matzbeh·
2051 2448 2139 2484 oder
2166 2448 2317 2494 oniseh-

355 2513 533 2558 riehtiyen
574 2511 827 2549 construction
858 2513 1031 2558 munden
1065 2512 1141 2548 sich
1174 2512 1274 2548 nicht
1300 2512 1375 2556 auf
1396 2513 1455 2548 ein
1491 2512 1679 2554 Versehen,
1705 2513 1864 2548 sondern
1893 2513 1969 2557 auf
1991 2513 2049 2547 die
2077 2511 2229 2548 Absicht
2254 2513 2317 2548 des

359 2575 648 2622 Schriftstellers,
675 2576 757 2612 und
781 2575 897 2612 haben
922 2576 1047 2612 v'mmer
1075 2575 1154 2611 eine
1187 2574 1470 2621 Veranlassuny.

460 2640 493 2684 ⁹)
522 2639 575 2674 De
614 2638 681 2673 hoc
721 2638 809 2673 vit-io
848 2637 967 2673 videre
1007 2637 1088 2672 licet
1126 2636 1354 2685 Apollonium
1395 2636 1599 2685 Dyscolum,
1635 2638 1688 2673 De
1723 2637 1826 2685 Synt.
1855 2637 1884 2680 1,
1913 2649 1990 2685 cap.
2020 2636 2057 2681 2,
2087 2648 2132 2672 ex
2159 2636 2315 2672 editione

355 2702 457 2737 Imm.
499 2702 665 2744 Bekkeri,
702 2701 858 2736 Berolini
897 2699 1010 2742 1817,
1027 2703 1030 2706 ’
1045 2704 1080 2735 et
1104 2700 1230 2735 incerti
1255 2700 1435 2746 scriptoris
1464 2701 1674 2746 opusculum
1702 2701 1747 2735 de
1774 2701 1987 2736 Soloeeismo
2014 2706 2050 2736 et
2075 2702 2314 2738 Barbarismo.

354 2764 450 2812 quod
490 2768 570 2812 post
609 2763 787 2800 Ammonii
820 2763 951 2799 librum
986 2761 1038 2798 De
1075 2760 1273 2797 differentia
1298 2761 1470 2798 adfinium
1498 2763 1753 2800 vocabulorum
1782 2763 1993 2800 collocatum
2021 2767 2074 2800 est
2101 2764 2137 2800 in
2166 2764 2314 2800 Valcke-

355 2828 447 2864 narii
474 2828 640 2870 editione,
670 2827 810 2874 Lipsiae
838 2825 951 2867 1822,
980 2829 1016 2860 et
1042 2825 1188 2870 Quintil.
1214 2825 1329 2861 Instit.
1359 2830 1448 2861 orat.
1478 2826 1506 2869 1,
1537 2826 1573 2862 5.

461 2891 495 2935 ¹)
523 2892 749 2926 Hermannus
788 2894 906 2925 autem
945 2890 983 2924 in
1017 2889 1199 2935 Vigerum‚
1233 2889 1303 2924 Ed.
1336 2889 1397 2931 IV,
1433 2889 1573 2935 Lipsiae
1610 2888 1723 2932 1834,
1762 2903 1846 2937 pag.
1876 2890 1964 2929 893.
1993 2891 2241 2926 attractionem
2267 2891 2314 2926 ab

353 2954 566 2990 anacolutho
601 2953 801 3000 distinguit.
855 2952 1091 2995 Attraetioni‚
1117 2950 1248 2998 inquit,
1277 2951 1478 2996 oppositum
1505 2955 1557 2989 est
1582 2954 1838 2990 anacoluthon.
1884 2954 1981 2989 Nam
2013 2954 2312 2999 quemadmodum

355 3018 586 3056 attractionis
612 3020 674 3060 est,
701 3017 891 3061 riser-endo
917 3016 1009 3060 quid
1033 3016 1143 3060 simul
1169 3015 1220 3050 ad
1245 3015 1339 3050 duas
1358 3017 1499 3059 partes,
1525 3025 1643 3051 unum
1671 3017 1823 3062 efficere,
1850 3017 1905 3052 ita
1932 3017 2175 3053 anacoluthon
2196 3027 2314 3052 versa-

355 3083 417 3117 tur
457 3081 498 3116 in
538 3091 612 3117 uno
647 3091 709 3117 eas
743 3080 784 3115 in
804 3082 933 3125 partes
960 3078 1204 3121 distrahendo,
1230 3088 1385 3122 quarum
1414 3081 1561 3121 neutra,
1587 3079 1622 3115 εἰ
1648 3080 1742 3125 leyes
1765 3081 2028 3125 yrammatieas
2054 3083 2206 3125 spectas,
2232 3091 2311 3115 cum

354 3143 473 3180 altera
500 3144 668 3179 cohaeret.

2153 3217 2189 3249 1*
