2941 3765
995 328 1045 362 De
1067 327 1276 362 anacoluthis
1298 326 1510 363 Herodoteis.
2180 311 2234 355 21

281 430 411 477 οὐδὲν
444 431 635 489 ἄμεινον
667 434 882 493 πρήσσειν
913 445 953 480 et
984 437 1087 489 alibi,
1109 444 1169 481 *ut
1203 437 1250 488 V,
1299 441 1396 489 119,
1432 437 1674 481 locutionem
1707 431 1755 479 εὖ
1788 436 2006 493 πρήσσειν
2028 434 2079 479 ad
2102 435 2238 479 homi—

280 529 354 558 nes
405 529 486 558 non
529 530 595 558 res
629 514 777 560 retulit.
842 514 902 559 St.
937 516 1114 562 dativum
1150 533 1296 574 συγκτ.
1330 517 1384 562 ita
1416 516 1599 578 explicat,
1636 525 1681 560 ut
1713 515 1764 559 illi
1797 513 1987 572 ἄμεινον
2020 531 2094 574 πρ.
2129 515 2237 560 sub-

280 595 420 640 stituat
453 592 644 650 ἄμεινον
676 597 979 652 συνοίσεσθαι,
1012 598 1120 658 quod
1154 599 1219 650 lv,
1253 601 1328 654 15,
1353 599 1400 651 V,
1428 601 1487 645 82
1512 603 1546 642 ὀί
1578 597 1662 641 114
1686 596 1872 648 occurrit,
1897 595 2141 655 quibuscum
2164 596 2236 641 cfr.

279 675 363 727 vll,
400 678 439 727 8,
489 678 517 726 1,
587 681 863 734 συμφέρεται
896 675 965 721 ἐπὶ
996 680 1044 722 τό
1077 676 1284 735 ἄμεινον.
1350 677 1417 723 Sic
1449 677 1533 723 fere
1565 677 1641 722 Lh.
1675 677 1807 722 locum
1837 675 2078 720 intellectum
2101 676 2237 721 voluit.

280 755 358 800 Ab.
400 769 563 815 quoque
603 755 890 802 accusativum·
919 758 1116 804 desiderat
1147 759 1267 820 idque
1295 760 1398 820 jure,
1434 773 1530 803 nam
1563 756 1658 803 illud
1691 756 1845 817 ἔχρησε
1881 756 1956 799 hoc
1990 756 2074 800 ioco
2108 756 2238 818 signi-

279 835 372 880 ticat
405 837 627 892 respondit
660 836 685 880 Ι.
719 838 938 881 oraculum
970 842 1102 886 edidit
1123 845 1181 899 ¹).

400 917 509 959 Inter
541 931 710 961 casuum
743 919 981 963 anacolutha
1014 930 1216 980 postremo
1248 923 1472 966 afferantur
1505 921 1590 971 loci,
1629 919 1697 964 ubi
1731 918 2017 962 Accusativus
2049 919 2238 962 nominis

280 997 304 1038 l.
342 998 618 1052 pronominis
667 1002 708 1039 et
745 1001 972 1055 participii
1011 1004 1058 1044 in
1083 1005 1233 1058 prima
1266 1003 1639 1057 comprehensione
1664 1001 1859 1054 ponitur,
1892 1012 2020 1052 quum
2053 998 2238 1052 verbum,

279 1079 390 1133 qnod
420 1078 624 1133 seqnitur,
657 1078 790 1122 aliurn
823 1095 968 1124 casum
991 1073 1189 1142 postnlet.
1667 1078 1670 1079 ⁷

401 1156 529 1216 Cujus
562 1158 768 1203 abnormis
801 1162 1110 1209 constructionis
1142 1164 1222 1208 duo
1251 1177 1399 1223 genera
1431 1160 1716 1221 distinguenda
1749 1167 2014 1218 sun13a1que
2036 1159 2086 1203 ad
2110 1173 2238 1203 unum

278 1251 408 1296 genus
440 1236 515 1281 loci
548 1238 760 1297 pertinent,
799 1240 866 1285 ubi
900 1241 1067 1287 verbum
1100 1243 1371 1288 accusativum
1404 1256 1577 1302 poscens
1613 1241 1803 1285 scribenti
1838 1240 1946 1283 initio
1976 1240 2238 1283 obversatum

279 1326 352 1368 est,
403 1317 546 1361 deinde
597 1327 731 1363 tamen
779 1322 1025 1366 constructio
1073 1323 1124 1367 ab
1172 1323 1355 1368 instituta
1402 1323 1557 1367 ratione
1591 1322 1767 1366 deflexit.
1833 1321 1924 1374 Qua
1958 1320 2007 1363 de
2040 1335 2085 1364 re
2116 1320 2238 1363 adeas

278 1397 328 1442 R.
379 1401 403 1452 S
455 1400 550 1449 1130,
596 1399 688 1443 adn.
734 1402 783 1456 23
826 1401 905 1446 Ku.
948 1406 972 1456 §
1008 1405 1108 1455 682,
1147 1405 1195 1458 2,
1231 1403 1371 1447 Matth.
1405 1406 1430 1457 S
1469 1402 1570 1453 427,
1607 1402 1645 1453 Ι),
1681 1402 1775 1445 adn.
1812 1403 1860 1455 33
1896 1400 1941 1443 B.
1976 1415 2094 1461 pagg.
2137 1402 2235 1451 1¹32,

286 1480 369 1521 133
387 1479 448 1534 ²).
482 1477 570 1523 Huc
594 1488 689 1524 sunt
712 1481 910 1526 referendi
933 1483 980 1534 V,
1013 1486 1109 1535 103,
1135 1483 1437 1533 ἐκπλώσαντές
1456 1500 1498 1527 τε
1523 1483 1611 1535 ἔξω
1635 1481 2050 1540 τόνἙλλήσποντον
2067 1485 2240 1540 Καρίης

276 1561 354 1618 τὴν
401 1560 580 1618 πολλὴν
626 1563 980 1621 προσεκτήσαντο
1030 1570 1152 1620 σφίσι
1201 1566 1444 1622 σύμμαχον
1494 1562 1638 1607 εἶναι·
1687 1569 1759 1607 καὶ
1809 1566 1899 1622 γάρ
1942 1565 2021 1619 την
2057 1564 2239 1604 Καῦνον

277 1642 495 1700 πρότερον
544 1637 597 1686 οὔ
644 1643 934 1702 βουλομένην
975 1651 1262 1702 συμμαχέειν,
1298 1644 1360 1695 οὖς
1400 1644 1650 1704 ἐνέπρησαν
1692 1647 1767 1693 τας
1806 1643 1993 1703 Σάρδις,
2029 1643 2124 1687 τότε
2160 1656 2240 1698 σφι

277 1724 351 1764 καὶ
399 1717 505 1779 αἵτη
552 1729 856 1780 προσεγένετο.
921 1725 1263 1786 Exspectabamus
1313 1724 1341 1783 ἦ
1398 1727 1577 1774 Καῑιός
1619 1751 1676 1756 -
1726 1750 1788 1756 -
1838 1725 2114 1781 βῡϋλθμὲνη,
2167 1723 2239 1765 Sssd

276 1815 524 1861 quamquam
557 1803 798 1847 antecedens
832 1805 925 1849 illud
959 1806 1311 1864 προσεκτήσαντο
1345 1806 1464 1848 etiam
1497 1806 1546 1847 ad
1580 1807 1661 1860 τήν
1694 1809 1748 1846 K.
1784 1807 1830 1860 β.
1866 1805 2051 1864 scriptori
2083 1804 2238 1846 obver-

277 1889 410 1926 satum
452 1891 525 1933 est,
577 1892 710 1927 tamen
762 1901 936 1945 sequens
970 1894 1172 1931 structura
1205 1887 1483 1930 enunciatione
1515 1883 1577 1934 (ὃς
1608 1911 1667 1917 —-
1704 1912 1762 1917 —
1799 1885 1975 1942 Σάρδις
2005 1884 2236 1928 intermissa

275 1962 327 2004 ab
375 1962 485 2006 initio
527 1963 685 2007 diversa
723 1965 825 2009 facta
866 1975 940 2010 est.
1009 1968 1072 2018 Vl,
1118 1970 1187 2017 53,
1222 1968 1395 2013 τούτους
1427 1967 1516 2021 γὰρ
1551 1964 1606 2021 δὴ
1640 1967 1739 2013 τοῠς
1772 1970 1992 2025 Δωριέων
2024 1960 2242 2022 βασιλέας

276 2071 339 2077 -—
386 2070 448 2077 —-
496 2045 886 2102 καταλεγομένους
931 2075 994 2080 -
1043 2074 1102 2080 -—
1141 2051 1214 2090 καὶ
1247 2042 1656 2102 ἆποδεικνυμένονς
1684 2073 1747 2078 -
1782 2074 1840 2079 —
1875 2073 1935 2078 —
1972 2072 2029 2078 —
2065 2041 2156 2089 ἄπο
2191 2045 2237 2089 δὲ

275 2123 458 2181 Δανάης
488 2151 547 2156 -
584 2150 640 2157 —
676 2153 735 2159 —
771 2133 1002 2183 φαινοίατο
1037 2125 1092 2171 ἂν
1123 2154 1183 2160 -
1215 2152 1276 2158 —-
1308 2151 1382 2170 —-.
1416 2126 1496 2170 Sed
1530 2126 1570 2169 h.
1605 2126 1630 2169 Ι.
1663 2125 1834 2170 aiterum
1858 2135 1918 2170 est
1942 2127 2237 2175 anacoluthon:

275 2219 369 2248 nam
412 2220 586 2265 sequens
628 2207 756 2251 oratio
796 2208 849 2251 ita
889 2208 1071 2253 instituta
1111 2215 1181 2259 est,
1218 2216 1262 2251 ut
1293 2207 1343 2249 ini
1376 2207 1593 2250 accusativi
1613 2221 1649 2256 va
1684 2208 1808 2250 verbo
1841 2222 2012 2266 prorsus
2047 2208 2126 2250 sint
2159 2208 2237 2250 de-

276 2286 414 2336 stituti,
460 2286 509 2330 (le
541 2302 621 2345 qua
656 2303 700 2332 re
733 2287 834 2331 infra
867 2289 1057 2334 dicemus.
1122 2290 1189 2339 lx,
1229 2291 1266 2339 2,
1302 2312 1373 2321 —·
1396 2293 1760 2346 καταστρέψεται.
1796 2290 1909 2330 κατα
1942 2291 2029 2343 μὲν
2061 2290 2151 2347 γὰρ
2187 2286 2238 2331 τό

273 2365 456 2425 ’ἰσχυρόν
475 2363 698 2424 Ἓλληνας
728 2366 1103 2428 ὁμοφρονέοντας,
1136 2367 1185 2414 οἵ
1212 2385 1294 2428 περ
1326 2372 1400 2411 καῑ
1435 2367 1580 2426 πάρος
1613 2362 1742 2410 ταῦτοῖ
1774 2366 2037 2424 ἐγίνωσκον,
2056 2368 2239 2426 χαλεποὶ

276 2445 389 2489 εἶναι
424 2449 740 2506 περιγίνεσθαι
773 2476 834 2481 -
867 2476 928 2482 -—
963 2481 973 2492 .
1007 2450 1325 2506 Περιγίνεσθαι
1359 2447 1589 2507 genetivum
1623 2463 1831 2506 personae,
1871 2458 1911 2492 ut
1935 2450 2062 2508 ajunt,
2087 2456 2236 2510 postu—

274 2526 339 2578 lat,
391 2527 462 2571 Kr.
513 2529 540 2579 Ι,
597 2529 666 2580 47,
726 2533 791 2581 19,
835 2530 927 2574 illud
961 2529 1132 2588 quidem,
1168 2528 1236 2574 sed
1270 2527 1497 2573 Herodotus
1531 2527 1701 2572 verbum
1734 2528 2126 2587 καταστρέφεσθαι
2160 2530 2236 2574 hoc

273 2623 436 2667 quoque
487 2609 572 2653 loco
614 2618 889 2668 usurpaturus
931 2610 1100 2655 videtur.
1164 2609 1314 2653 Contra
1347 2622 1471 2667 quam
1504 2615 1732 2652 ceterorum
1764 2609 2030 2669 interpretum
2066 2618 2235 2654 senten-

380 2737 413 2782 ι)
441 2736 530 2771 Cum
567 2736 624 2770 his
664 2736 750 2770 locis
791 2736 989 2783 comparari
1025 2739 1171 2783 possunt
1207 2735 1316 2770 Thuc.
1345 2735 1374 2777 Ι,
1404 2732 1466 2776 62,
1497 2726 1543 2784 ἦν
1569 2731 1614 2771 ὁὲ-
1644 2730 1667 2785 ἡ
1694 2732 1827 2786 γνώμη
1855 2739 1925 2772 τοῦ
1943 2731 2164 2786 Ἀριστέως
2190 2732 2238 2773 τὸ

271 2796 346 2846 μὲν
370 2793 466 2846 μεθ’
492 2793 635 2836 ἑαυτοῦ
660 2796 937 2849 στρατόπεδον
963 2794 1092 2846 ἐῇζοντι
1119 2795 1161 2835 ἐν
1187 2800 1244 2847 τῷ
1270 2792 1414 2847 ἰσθμῷ
1439 2792 1651 2848 ἐπιτηρεῖν
1677 2795 1769 2843 τοὺς
1787 2792 2043 2849 Ἀθηναίους,
2073 2798 2109 2833 in
2128 2811 2234 2845 quem

271 2861 389 2898 locum
416 2861 481 2898 cfr.
510 2861 729 2910 Popponmn,
758 2866 795 2899 et.
822 2862 913 2898 Xen.
964 2861 1079 2898 Anah.
1108 2860 1185 2904 VII,
1215 2858 1250 2903 1,
1279 2857 1329 2894 34
1356 2861 1385 2894 dr.
1413 2856 1478 2894 35.

378 2925 412 2971 ²)
442 2924 627 2960 Consimili
669 2937 714 2961 ex
754 2938 877 2961 caussa
910 2929 988 2960 orta
1022 2928 1105 2960 sunt
1130 2925 1236 2959 Hom.
1264 2923 1329 2958 Od.
1356 2923 1385 2965 Ι,
1414 2921 1504 2965 275,
1534 2922 1624 2966 276,
1653 2928 1690 2959 et
1716 2925 1826 2971 Soph.
1854 2925 1991 2959 Electr.
2022 2924 2127 2974 479„
2145 2925 2234 2967 480,

271 3001 424 3033 quocum
465 2988 555 3024 duos
593 2988 689 3024 locos
722 3001 767 3025 ex
799 2989 965 3035 Aeschyli
997 2988 1189 3034 tragoediis
1222 2987 1350 3034 petitos
1384 2988 1605 3034 comparavit
1632 2988 1933 3025 Schneidewinns.
1989 2989 2113 3036 Neque
2139 2988 2235 3036 apud

274 3051 481 3088 Ciceronem
507 3052 698 3089 accusativi
725 3052 833 3089 soluti
858 3052 1019 3101 exempla
1044 3051 1175 3087 frustra
1201 3047 1427 3098 quaesiveris,
1456 3048 1537 3086 Fin.
1564 3050 1627 3095 111,
1661 3048 1723 3096 12,
1753 3049 1816 3096 41,
1836 3051 1942 3088 adeas
1959 3055 2081 3088 tamen
2100 3051 2165 3088 hoc
2183 3051 2230 3088 de

270 3113 349 3149 loco
375 3114 754 3175 MadvigiumaTusc.
781 3116 810 3158 Ι,
839 3114 911 3159 24;
938 3116 984 3157 11,
1014 3114 1074 3150 16.
