2941 3765
1053 329 1103 361 De
1125 328 1335 362 anacoluthis
1356 327 1570 362 Herodoteis.
2201 309 2259 351 39

298 436 447 496 quippe
495 450 601 495 quae
624 436 745 480 -nihil
794 436 847 480 sit
895 436 971 481 nisi
1019 440 1250 498 conjectura
1289 453 1417 497 eaque
1459 437 1621 482 minime
1663 436 1901 486 necessaria,
1937 450 2018 478 non
2053 434 2261 494 sequenda

298 517 395 562 mihi
443 515 615 561 videtur.
669 516 787 561 Ratio
827 524 962 561 autem
994 517 1068 563 loei
1101 520 1200 563 haee
1231 526 1305 563 est.
1375 517 1607 562 Herodotus
1637 517 1813 576 primum
1847 516 2028 575 singulas
2060 516 2258 574 regiones,

298 612 371 657 per
411 612 516 656 quas
556 596 724 641 flumina
765 595 964 650 feruntur,
998 599 1141 644 deinde
1174 614 1366 644 numeros
1397 613 1563 658 quoque
1596 597 1810 642 fluminum
1843 596 1948 640 inter
1981 610 2025 639 se
2057 610 2262 655 opponere

297 677 435 722 voluit.
501 679 636 736 Atque
680 677 894 736 utriusque
940 686 1028 733 μέν
1068 680 1316 724 eontrarium
1360 679 1591 723 continetur
1632 678 1672 721 in
1707 677 1770 720 his
1802 675 1852 718 ἐκ
1885 675 1931 718 δὲ
1960 672 2262 733 ’Ἀγαθύρσων

298 758 451 816 Μάρις
498 759 702 814 ποταμός
740 756 857 817 ῥέων
900 765 1197 816 συμμίσγεται
1239 762 1301 819 τῴ
1334 756 1505 818 Ἴστρῳ.
1557 784 1634 813 —-,
1668 757 1778 818 quod
1811 755 2075 817 grammatica
2109 755 2263 800 ratione

300 837 516 898 respondet
548 837 878 882 antecedentibus
912 833 1033 881 οὗτοι
1055 842 1143 895 μὲν
1164 835 1409 896 αὕτιγενέες
1429 844 1628 895 ποταμοί
1653 839 1883 882 Σκυθικοὶ
1907 820 2260 892 συμπληθύουσι

299 914 445 972 αὐτόν,
478 919 555 962 hoe
586 927 721 963 autem
756 919 899 978 repetit
933 918 1007 961 δια
1039 927 1126 974 μέν
1157 935 1208 974 γε
1241 936 1276 962 τ.
1300 923 1357 962 Σ.
1377 937 1421 975 χ.
1446 927 1573 962 πέντε
1598 921 1782 977 ῥέοντες.
1838 919 1927 961 Jam
1952 922 2027 964 Lh.
2050 921 2102 964 ad
2125 922 2259 979 flgiti-

299 1013 406 1043 mam
439 998 635 1044 rationem
668 998 764 1044 illud
797 998 1044 1044 eontrarium
1077 999 1131 1043 ita
1163 999 1369 1045 transtulit
1401 999 1479 1043 δια
1510 1003 1598 1055 μὲν
1632 1002 1704 1056 τῆς
1737 1002 1794 1043 Σ.
1826 1018 1868 1055 χ.
1905 1017 1966 1054 π.,
1991 1000 2039 1044 ἐκ
2062 1000 2108 1044 δὲ
2127 998 2260 1056 Ἄγα-

300 1079 490 1139 θύρσων
538 1076 601 1128 εἷς
648 1106 705 1112 -
756 1106 831 1134 -,
876 1080 952 1124 hoe
995 1080 1051 1123 sie
1091 1086 1213 1124 πέντε
1255 1083 1341 1136 μὲν
1385 1080 1427 1123 οἳ
1474 1079 1551 1123 δια
1583 1095 1616 1123 τ.
1652 1082 1709 1124 Σ.
1739 1097 1783 1136 χ.
1819 1083 2002 1138 ῥέοντες,
2038 1080 2102 1132 εἷς
2133 1082 2179 1126 δὲ
2214 1081 2261 1135 ἐξ

293 1155 593 1217 Ἀγαθύρσων
625 1185 699 1202 -.
735 1159 782 1211 V,
820 1161 892 1212 92,
930 1161 970 1211 2,
1007 1186 1066 1192 -
1100 1160 1389 1219 Βακχιάδῃσι,
1423 1163 1535 1204 τοῖσι
1570 1161 1618 1204 τὸ
1652 1162 1740 1216 μὲν
1761 1159 1983 1221 πρότερον
2004 1161 2261 1220 γενόμενον

294 1242 565 1297 χρηστήριον
607 1266 667 1272 —
715 1266 773 1270 —
810 1236 864 1296 ἦν
897 1239 1090 1296 ἄσημον,
1124 1267 1197 1284 -.
1235 1238 1371 1285 Paullo
1402 1241 1504 1283 intra
1539 1248 1770 1299 sequuntur
1803 1248 1842 1284 et
1874 1243 1984 1301 quod
2018 1243 2092 1287 hoe
2125 1257 2260 1288 mem-

300 1320 420 1364 brum
454 1321 595 1378 repetit
628 1327 667 1364 et
699 1321 808 1379 quod
841 1321 876 1364 ei
909 1320 1125 1379 respondet
1160 1324 1296 1364 Τοῦτο
1329 1325 1416 1377 μὲν
1449 1321 1505 1377 δή
1537 1347 1600 1353 —
1634 1347 1694 1353 —
1727 1348 1787 1354 —
1825 1348 1883 1353 —
1912 1319 2152 1372 Ἠετίωνος.
2186 1325 2257 1376 ΙΧ,

304 1400 374 1453 41,
424 1403 778 1459 βουλευομένων
821 1400 867 1445 δὲ
911 1400 1010 1462 αἵρε
1043 1397 1157 1458 ἦσαν
1187 1402 1234 1445 αἳ
1265 1405 1465 1457 γνιῦμαι,
1501 1400 1528 1458 ἦ
1560 1405 1649 1457 μὲν
1674 1398 1961 1460 Ἀρταβάζου,
1996 1403 2059 1452 (ὗς
2091 1434 2150 1438 -
2184 1434 2259 1449 -.

299 1481 449 1529 Eadem
499 1482 697 1529 sententia
746 1481 966 1544 paullulum
1007 1489 1160 1528 mutata
1202 1480 1303 1527 infra
1335 1482 1511 1529 occurrit
1543 1485 1695 1528 τούτου
1727 1489 1816 1539 μέν
1851 1502 1928 1528 νυν
1963 1483 1991 1543 ἡ
2022 1481 2130 1544 aoht}
2163 1479 2260 1543 ἐγί-

299 1579 396 1608 νετο
429 1569 503 1608 καὶ
537 1565 754 1623 Θηβαίων
788 1566 951 1622 γνώμη
985 1590 1060 1618 -—,
1093 1563 1157 1609 cui
1189 1563 1402 1624 opponitur
1436 1563 1703 1623 Μαρδονίου
1737 1562 1783 1608 δὲ
1817 1563 2073 1625 ἰσχυροτέρη
2099 1595 2157 1600 -
2183 1596 2259 1612 -.

298 1646 450 1691 Eodem
483 1647 602 1690 modo
634 1655 892 1705 comparatus
924 1654 987 1690 est
1018 1647 1086 1696 lx,
1130 1646 1228 1689 104.

420 1727 492 1770 His
540 1727 729 1771 omnibus
776 1726 874 1771 loeis
924 1725 1113 1770 contrarii
1161 1733 1256 1770 sunt
1299 1725 1335 1776 ii,
1377 1724 1418 1768 in
1459 1724 1609 1784 quibus
1651 1726 1805 1770 locutio
1847 1727 2008 1784 aliqua,
2040 1743 2169 1785 quam
2202 1730 2264 1774 ad

298 1823 430 1852 uuum
464 1812 629 1853 tautum
661 1808 892 1852 membrum
923 1794 1111 1864 scriptor
1142 1808 1265 1850 initio
1297 1807 1512 1851 relaturus
1545 1810 1651 1862 erat,
1678 1809 1939 1864 procedente
1973 1811 2169 1854 oratione
2202 1811 2265 1855 ad

298 1890 484 1933 alterum
522 1904 683 1946 quoque
725 1890 982 1944 traducitur,
1024 1888 1063 1931 id
1111 1887 1220 1947 quod
1267 1902 1345 1931 usu
1384 1887 1492 1931 venit
1535 1902 1664 1947 quum
1698 1887 1748 1931 ad
1782 1890 2106 1935 connectendum
2139 1890 2262 1935 adhi-

300 1971 449 2014 bentur
482 1976 528 2013 τὲ
560 1998 619 2003 -
654 1976 735 2013 καί
764 1970 788 2013 l.
821 1976 867 2012 τὲ
898 1997 960 2002 —
992 1975 1050 2011 τί.

424 2052 558 2111 Atque
601 2051 835 2112 saepissime
866 2051 965 2095 haec
997 2056 1060 2094 est
1092 2049 1427 2109 praepositionum
1461 2048 1574 2100 ratio,
1610 2063 1692 2108 qua
1724 2050 1774 2094 de
1808 2065 1852 2094 re
1886 2059 1982 2095 sunt
2016 2052 2088 2096 Kr.
2122 2052 2150 2103 Ι,
2187 2056 2259 2105 69,

302 2133 372 2183 59,
410 2134 457 2188 23
492 2132 624 2177 Madv.
659 2136 684 2187 S
727 2134 825 2184 185,
860 2132 954 2175 adn.
991 2130 1039 2186 43
1074 2130 1123 2174 R.
1156 2133 1181 2185 S
1222 2129 1317 2180 134,
1356 2131 1395 2181 ὃ,
1430 2129 1524 2174 adn.
1560 2132 1600 2181 2,
1636 2131 1809 2190 append.
1848 2134 1883 2183 l,
1916 2132 1966 2187 b;
1999 2132 2078 2178 Ku.
2102 2136 2128 2187 S
2155 2132 2259 2185 724,

301 2214 340 2264 2,
392 2212 441 2268 b3
494 2213 634 2258 Matth.
684 2218 708 2268 S
753 2217 865 2268 626,
899 2214 946 2259 B.
982 2228 1072 2273 pag.
1109 2212 1190 2256 461
1219 2213 1277 2266 ¹),
1314 2236 1371 2243 —
1404 2211 1434 2261 l,
1470 2214 1543 2262 69,
1579 2209 1686 2254 ἄνευ
1720 2228 1763 2256 τε
1799 2214 1938 2258 δόλου
1971 2217 2046 2257 καὶ
2079 2210 2260 2273 α’πάτης.

299 2294 401 2346 ΥΠΙ,
459 2295 558 2347 140,
611 2297 661 2351 2,
711 2296 778 2347 ΙΧ,
821 2294 875 2348 ’7,
933 2298 980 2350 1·,
1022 2294 1077 2345 1,,
1104 2293 1201 2344 154,
1246 2288 1337 2335 ἀπό
1368 2306 1410 2334 τε
1452 2292 1664 2347 Ταβάλου
1697 2298 1772 2337 καὶ
1806 2296 1973 2354 Κύρου.
2022 2294 2105 2348 ΥΠ,
2149 2298 2260 2353 102;

300 2375 383 2427 ΥΠ,
431 2376 500 2427 42,
549 2375 626 2420 ἐπί
659 2392 700 2420 τε
735 2379 944 2432 ποταμόν
977 2378 1149 2418 Κάϊκον
1180 2378 1254 2416 καὶ
1285 2375 1479 2429 γῆντήν
1511 2376 1706 2430 Μυσίην.
1756 2375 1804 2425 Υ,
1844 2375 1913 2426 49,
1949 2375 2033 2427 fin„
2069 2378 2184 2435 πρός
2216 2393 2259 2420 τε

299 2459 583 2514 Μεσσηνίους
622 2484 681 2490 -
725 2453 783 2490 -’
818 2461 893 2499 καὶ
918 2452 1134 2515 Ἀρκάὸας
1164 2468 1205 2496 τε
1239 2456 1313 2495 καὶ
1339 2448 1574 2510 Ἀργείους.
1617 2453 1686 2504 ΙΧ,
1731 2457 1829 2506 113,
1866 2457 1946 2498 σύν
1978 2472 2022 2499 τε
2055 2460 2166 2501 τοῖσι
2199 2484 2259 2490 —

300 2537 433 2582 υἱοῖσι
481 2543 556 2582 καὶ
604 2538 661 2595 δή
710 2541 794 2582 κού
842 2552 926 2580 τισι
974 2541 1049 2580 καὶ
1097 2533 1289 2578 ἄλλοισι.
1356 2534 1439 2585 ΥΠ,
1483 2537 1523 2585 8,
1561 2537 1601 2585 2,
1638 2533 1749 2593 ὖπέρ
1782 2552 1825 2579 τε
1859 2534 2030 2580 ἐκείνου
2063 2543 2137 2581 καὶ
2171 2543 2261 2582 τῶν

300 2615 456 2663 ἄλλων
504 2623 733 2677 Περσέων.
785 2619 832 2670 Υ,
882 2621 921 2669 5,
965 2615 1055 2661 ὖπό
1097 2633 1139 2660 τε
1173 2612 1351 2671 ἀνδρῶν
1382 2619 1455 2657 καὶ
1487 2619 1730 2669 γυναικών.
1774 2618 1821 2667 Υ,
1866 2622 1973 2671 105;
2009 2620 2093 2669 ΥΠ,
2131 2623 2171 2668 9,
2210 2623 2259 2673 2,

300 2699 384 2753 ΥΠ,
427 2702 512 2746 1ὄὸ
534 2702 595 2758 ²).
647 2701 683 2748 A
716 2699 866 2761 quibus
900 2697 1092 2759 exemplis
1123 2695 1230 2743 haud
1262 2695 1378 2755 longe
1409 2694 1532 2741 distat
1565 2696 1648 2749 vll,
1694 2699 1792 2750 106,
1830 2696 1880 2743 οἵ
1907 2716 1950 2743 τε
1986 2697 2034 2743 ἐκ
2067 2699 2264 2759 Θρηῒκης

406 2872 437 2919 ¹)
466 2870 651 2919 Copiosior
676 2871 782 2918 hujus
808 2882 893 2906 usus
919 2869 1094 2918 expositio
1120 2872 1173 2904 est
1198 2867 1292 2917 apud
1318 2866 1574 2914 Hartungium,
1619 2866 1735 2902 Lehre
1763 2879 1833 2903 von
1862 2867 1898 2904 d.
1928 2867 2112 2905 Partikeln
2139 2867 2174 2904 d.
2204 2881 2260 2915 gr.

298 2935 466 2981 Spraehe,
495 2935 595 2970 Tom.
621 2935 650 2977 Ι,
678 2947 786 2982 pagg.
817 2933 905 2976 116,
934 2945 987 2980 sq.

406 2998 439 3044 2)
466 2997 582 3033 Aliter
620 3010 656 3033 se
697 2997 827 3033 habent
865 2997 902 3032 hi
936 2996 1017 3038 loci,
1052 2996 1113 3031 ubi
1148 2995 1284 3031 nullum
1317 2997 1370 3029 est-
1395 2993 1649 3034 anacoluthon,
1677 2994 1743 3036 IX,
1772 2992 1809 3037 3,
1838 3016 1888 3022 —
1916 2989 1958 3031 ἔν
1985 3006 2026 3030 τε
2054 2991 2261 3041 Σαλαμῖνι

301 3082 350 3089 -··
379 3083 428 3088 —
455 3055 497 3098 ἔν
523 3072 567 3097 τε
594 3063 686 3114 τῇσι
722 3057 850 3114 νηυσί.
892 3060 956 3104 ΙΧ,
986 3059 1049 3104 33,
1077 3060 1176 3105 init.;
1205 3058 1267 3101 IX,
1297 3056 1366 3101 383
1396 3056 1455 3101 VI,
1485 3055 1548 3100 46,
1577 3051 1621 3095 ἔκ
1649 3069 1693 3096 τε
1711 3060 1782 3110 τῆς
1801 3053 1970 3111 ἠπείρου
1988 3054 2056 3095 καὶ
2080 3051 2165 3095 ἀπὸ
2186 3058 2263 3094 τῶν

297 3122 517 3171 μετάλλων.
573 3124 649 3165 ΥΠ,
687 3123 774 3165 127,
804 3147 855 3152 -
882 3121 997 3173 μέχρι
1025 3119 1194 3159 Λυδίεώ
1221 3133 1265 3157 τε
1290 3122 1475 3167 ποταμοῦ
1501 3117 1570 3156 καὶ
1593 3118 1859 3169 ἱίλιάκμονος
1884 3122 1912 3163 I,
1942 3120 2006 3155 26.
2063 3121 2139 3156 vn.
2171 3119 2259 3154 135.
