2941 3765
703 300 761 341 66
1525 315 1557 349 S.
1583 316 1622 349 E.
1647 316 1835 351 Melander.

823 422 915 468 Duo
956 430 1114 468 tantum
1155 422 1263 483 apud
1295 422 1546 469 Herodotum
1578 424 1711 471 inveni
1744 424 1937 486 exempla,
1972 437 2077 484 quae
2107 422 2159 467 ad
2192 422 2269 467 hoc
2300 436 2431 483 genus
2467 421 2664 476 retuleris,

701 518 877 563 quorum
910 518 1053 555 unum,
1090 503 1136 555 si,
1172 511 1218 548 ut
1251 504 1488 566 Lhardyum
1522 514 1560 551 et
1595 506 1851 567 Kruegerum
1885 518 2117 565 sequamur,
2152 503 2291 564 placet,
2316 503 2393 547 hoc
2416 511 2480 548 est
2502 505 2532 556 l,
2564 507 2664 556 «¹06,

700 588 774 626 καὶ
806 583 974 627 τούτων
1005 588 1094 641 μὲν
1125 587 1225 633 τούς
1255 588 1451 636 πλεῦνας
1488 587 1724 646 Κυαξάρης
1753 604 1796 629 τε
1830 590 1905 628 καὶ
1938 584 2095 642 Μῆδοι
2128 611 2188 617 -
2221 611 2282 617 -
2316 585 2663 639 κατεφόνευσαν,

699 668 774 707 καὶ
824 659 941 708 οὕτω
991 660 1275 709 ἄνεσαίσαντο
1326 668 1404 724 τήν
1446 662 1588 726 ἀρχὴν
1631 666 1799 724 Άίῆὸοι,
1832 670 1907 709 καὶ
1939 664 2207 724 ἐπεκράτεον
2240 691 2316 719 --,
2350 663 2570 724 particulae
2603 663 2667 718 δέ,

699 758 804 803 quae
846 750 938 800 μέν
982 745 1096 804 sequi
1130 744 1316 799 debebat,
1353 747 1621 793 substitutum
1653 754 1715 791 est
1746 752 1826 790 καί
1855 746 1895 790 in
1933 745 2198 805 sequentibus
2230 749 2304 789 καὶ
2337 746 2415 802 τήν
2446 760 2490 788 τε
2524 747 2669 789 Νίνον

701 821 828 869 εἶλον
861 852 921 859 -
956 852 1015 859 -
1052 853 1114 859 -
1147 831 1222 871 καὶ
1256 853 1331 882 -·,
1374 835 1467 888 apte
1499 827 1571 873 Kr.
1605 827 1772 873 contulit
1803 826 1908 872 Xon.
1944 825 2077 872 Anah.
2111 826 2140 878 Ι,
2182 828 2249 879 -10,
2291 828 2369 881 ’16;
2402 823 2573 870 alterum
2605 832 2668 869 est

698 908 762 959 ΙΙΙ,
802 907 874 959 73,
911 902 981 951 ὅτε
1015 922 1067 963 γε
1102 904 1351 965 ἀρχόμεθα
1383 912 1470 964 μὲν
1502 908 1645 957 ἐόντες
1677 911 1852 966 Πέρσαι
1889 906 1975 951 ὑπό
2007 906 2172 964 Μήδου
2205 903 2370 965 ἀνδρὸς
2398 906 2569 962 μάγου,
2592 909 2667 948 καὶ

698 989 850 1031 τούτου
883 982 975 1030 ὦτα
1009 983 1091 1030 οὐκ
1123 987 1313 1044 ἔχοντος.
1380 989 1457 1034 Ab.
1492 988 1584 1034 illud
1617 995 1721 1045 μέν,
1754 987 1861 1047 quod
1896 995 2134 1048 corruptum
2169 1002 2259 1032 esse
2287 986 2491 1046 judicavit,
2523 992 2666 1030 eontra

698 1067 855 1112 codices
887 1066 1045 1112 delevit.
1094 1067 1156 1113 St.
1190 1076 1325 1115 autem
1360 1070 1574 1121 existimat,
1608 1069 1857 1115 eontrarium
1892 1069 2014 1114 tatere
2036 1070 2077 1114 in
2109 1068 2173 1115 his
2195 1072 2270 1113 καὶ
2293 1069 2448 1111 τούτου
2471 1062 2563 1110 ὦτα
2586 1061 2667 1110 οὐκ

697 1147 885 1204 ἔχοντος.
952 1148 1143 1209 Lhardyo
1178 1148 1407 1195 Herodotus
1441 1151 1666 1210 scripturus
1700 1165 1790 1194 esse
1823 1149 1982 1195 w‘detur
2022 1151 2240 1208 προσήκει
2274 1147 2320 1191 δὲ
2353 1145 2464 1204 ἡμῖν
2495 1151 2667 1189 ποιέειν

698 1231 749 1271 u?
797 1227 1023 1286 ἐπέσκηψε
1074 1233 1186 1273 τοῖσι
1229 1234 1427 1290 Πέρσῃσι
1473 1229 1500 1274 ὁ
1533 1232 1798 1287 Καμβύσης,
1833 1238 1873 1274 et
1908 1230 1963 1274 sic
1998 1230 2081 1274 fere
2113 1231 2337 1290 Kruegero.
2402 1228 2537 1287 Atque
2569 1226 2665 1270 mihi

696 1308 874 1369 quidem,
927 1325 1176 1370 quamquam
1218 1326 1299 1354 non
1343 1327 1462 1371 aegre
1502 1311 1639 1362 feram,
1676 1311 1708 1354 si
1741 1311 1835 1370 quis
1867 1317 1958 1366 μέν
1993 1311 2032 1354 h.
2066 1311 2091 1355 Ι.
2125 1309 2461 1359 confirmativum,
2498 1308 2549 1352 de
2580 1322 2664 1367 quo

696 1389 819 1434 adeas
852 1404 944 1449 pag.
981 1390 1053 1442 57,
1089 1391 1184 1436 adn.
1221 1393 1259 1443 7,
1296 1406 1385 1436 esse
1419 1392 1615 1442 statuerit,
1651 1392 1902 1436 eontrarium
1934 1391 2131 1435 contineri
2163 1390 2322 1435 videtur
2343 1390 2384 1433 in
2408 1389 2471 1433 his
2495 1384 2596 1432 ὅσοι
2620 1404 2662 1432 τε

699 1468 855 1525 ὑμέων
899 1472 1127 1527 Καμβύσῃ
1169 1478 1363 1514 νοσέοντι
1407 1478 1722 1530 παρεγένοντο,
1756 1471 1933 1520 πάντως
1963 1487 2045 1514 κου
2077 1470 2324 1526 μέμνησθε
2356 1471 2408 1513 τοὶ
2440 1467 2664 1526 ἐπέσκηψε

699 1553 902 1607 Πέρσῃσι
937 1576 993 1582 —
1021 1552 1082 1605 ³).

766 1645 770 1649 ·
822 1630 885 1675 Ad
920 1646 1025 1690 quos
1059 1630 1167 1675 locos
1200 1630 1380 1691 proxime
1412 1630 1609 1676 accedunt
1631 1630 1668 1683 ii,
1693 1631 1733 1675 in
1757 1630 1908 1692 quibus
1923 1634 2109 1689 propter
2130 1630 2347 1688 quandam
2368 1628 2663 1686 repetitionem

697 1709 919 1756 abnormis
948 1710 1082 1766 sacta
1114 1715 1177 1756 est
1208 1714 1440 1767 structura,
1473 1711 1519 1763 ΙΙ,
1564 1713 1661 1764 158,
1699 1707 1948 1771 ὀρώρυκται
1983 1709 2030 1754 δὲ
2064 1713 2244 1771 πρῶτον
2276 1713 2366 1767 μὲν
2397 1710 2475 1752 τοῦ
2506 1706 2662 1751 πεδίου

697 1794 777 1835 τοῦ
825 1791 1069 1849 Αἰγυπτίου
1119 1795 1171 1835 τα
1212 1794 1324 1849 πρὸς
1347 1788 1559 1850 Ἆραβίην
1592 1791 1760 1848 ἔχοντα.
1811 1792 1912 1836 Dicit
1948 1792 2040 1844 Ab„
2076 1792 2128 1835 illi
2161 1794 2343 1851 πρῶτον
2374 1797 2462 1846 μέν
2494 1788 2663 1849 opposi-

697 1880 785 1916 tum
827 1887 918 1916 esse
958 1871 1099 1927 ἔχεται
1134 1873 1199 1926 δέ,
1234 1873 1302 1916 sed
1336 1873 1470 1917 nescio
1503 1887 1556 1916 an
1590 1873 1665 1916 Lh.
1699 1882 1739 1917 et
1772 1874 1844 1918 Kr.
1880 1874 2029 1918 rectius
2062 1872 2289 1924 statuerint,
2324 1871 2495 1915 alterum
2529 1884 2663 1913 inem-

697 1953 819 1998 hrum
868 1967 959 1997 esse
1008 1958 1083 1996 καὶ
1130 1952 1295 1997 ἔπειτεν
1337 1959 1463 1998 τείνει
1496 1952 1539 2002 ἐς
1571 1953 1850 2011 ὃιασφάγαςς
1886 1955 1960 1999 hoc
1992 1961 2129 1999 autem
2163 1952 2380 2013 respondet
2410 1950 2662 1996 antecedenti

696 2036 773 2077 τοῦ
808 2029 874 2076 (ὃν
907 2033 963 2089 δή
998 2031 1156 2089 οὔρεος
1185 2034 1337 2077 τούτου
1369 2037 1492 2091 παρα
1527 2037 1604 2090 τήν
1637 2033 1848 2092 ῦπωρέην
1883 2031 2010 2092 ἦκται
2044 2033 2073 2091 ἦ
2106 2034 2276 2091 διῶρυξ
2308 2059 2384 2086 —,
2419 2033 2528 2091 quod
2563 2046 2661 2076 mu-

696 2122 780 2158 tata
829 2113 958 2157 forma
1008 2114 1121 2172 prius
1164 2115 1389 2159 membrum
1433 2115 1587 2174 repetit.
1653 2115 1757 2160 Cum
1798 2131 1881 2174 quo
1923 2116 2008 2159 loeo
2040 2122 2298 2175 comparetur
2331 2115 2397 2165 vl,
2438 2113 2507 2164 42,
2544 2109 2664 2157 ἄλλα

696 2194 799 2238 τάδε
847 2196 936 2250 μὲν
971 2196 1178 2251 χρήσιμα
1218 2196 1356 2253 κάρτα
1396 2199 1507 2239 τοῖσι
1535 2193 1658 2239 Ἴωσι
1691 2194 1865 2252 ἐγένετο
1899 2197 2052 2239 τούτου
2086 2197 2164 2239 τοῦ
2195 2193 2341 2244 ἔτεος·
2373 2190 2666 2253 Ἀρταφέρνης

696 2299 759 2307 -
808 2300 870 2307 -
923 2269 1145 2331 ἠνάγκασε·
1190 2299 1264 2329 ——,
1316 2275 1391 2320 hoo
1440 2275 1608 2321 iteratur
1655 2289 1726 2336 per
1767 2277 1900 2320 ταῦτα
1949 2290 1993 2320 τε·
2045 2271 2272 2333 ἠνάγκασε
2321 2279 2506 2328 ποιέειν,
2556 2287 2662 2318 con-

696 2354 868 2399 trarium
906 2360 1042 2398 autem
1076 2354 1262 2414 exprimit
1295 2355 1470 2416 sequens
1504 2356 1598 2401 iilud
1631 2360 1706 2400 καὶ
1742 2381 1799 2387 —-
1830 2382 1890 2389 -
1922 2358 2093 2416 φόρους
2121 2354 2246 2407 ἔταξε
2278 2353 2516 2409 ἑκάστοισι,
2559 2368 2665 2415 quae

694 2436 905 2496 explicatio
954 2435 1107 2478 Steinio
1152 2435 1334 2480 debetur.
1398 2437 1588 2480 Ceterum
1639 2437 1702 2479 hie
1744 2437 1856 2481 iocus
1895 2451 1918 2480 a
1953 2438 2117 2498 reliquis
2150 2437 2439 2497 interpretibus
2473 2442 2662 2496 praeter-

695 2518 847 2561 missus
880 2525 956 2561 est.

801 2655 835 2704 ³)
861 2657 936 2693 Aut
961 2655 1067 2692 fallor
1093 2658 1155 2690 aut
1181 2666 1302 2691 errore
1328 2656 1543 2705 typographi
1569 2656 1700 2692 factum
1728 2659 1795 2701 est,
1824 2660 1864 2692 ut
1889 2656 1928 2692 in
1954 2655 2110 2692 editione
2138 2653 2365 2692 Dietschiana
2390 2655 2437 2700 11,
2474 2654 2550 2692 145
2572 2656 2664 2692 'scri-

693 2720 839 2756 beretur
869 2714 1088 2770 Ἡρακλέης
1120 2729 1164 2754 τε
1197 2719 1276 2755 τῶν
1308 2716 1508 2771 δευτέρων,
1542 2718 1639 2767 quod
1673 2718 1801 2755 vitium
1835 2718 1873 2754 in
1907 2718 2065 2755 Abiehtii
2099 2730 2242 2767 quoque
2276 2718 2469 2755 editionem
2498 2719 2663 2767 irrepsit3

692 2786 792 2819 certe
831 2782 928 2829 apud
967 2785 1135 2815 neutrum
1170 2780 1254 2816 haec
1286 2793 1308 2816 a
1343 2782 1488 2828 vulgata
1522 2782 1711 2829 scriptura,
1748 2793 1840 2828 quae
1875 2785 1928 2817 est
1950 2778 2034 2832 5119.
2061 2779 2118 2828 δέ,
2147 2781 2336 2817 declinatio
2363 2786 2665 2818 commemoratur

693 2846 827 2881 nedum
853 2842 1115 2892 oomprobetur.
