2941 3765
603 331 629 373 2
650 366 653 369 -
1399 349 1432 381 s.
1459 349 1497 381 E.
1521 349 1707 382 Melander.

599 457 834 516 pracsertim
884 457 973 501 libri
1013 458 1203 502 Herodoti
1246 473 1325 501 non
1361 466 1443 501 tam
1478 458 1565 501 lecti
1598 473 1719 516 quam
1754 455 1904 499 recitat-i
1937 455 2204 509 innotuerint3
2239 464 2326 498 erat
2357 457 2463 499 enim
2498 457 2560 500 illa

598 543 726 579 aetate
776 537 1018 597 scriptorum
1069 553 1168 589 mos,
1218 546 1261 582 ut
1303 553 1374 598 per
1406 538 1616 583 Graeciam
1651 535 1949 597 prolicistwntes
1983 535 2220 594 praesertim
2253 535 2357 580 ludis
2391 537 2561 595 publicis

597 625 635 658 et
669 633 692 658 a
726 625 808 659 tota
842 618 1009 659 Graecia
1043 618 1331 660 concelebratis
1367 618 1515 678 scripta
1549 632 1621 661 sua
1656 616 1882 668 recitarent,
1908 623 2030 675 atque
2054 614 2087 659 si
2110 622 2292 661 veterum
2316 615 2559 677 scriptorum

598 698 835 740 testimoniis
883 699 978 756 quid
1029 699 1119 741 fidei
1160 699 1391 741 habendum
1436 707 1509 748 est,
1554 698 1780 740 Herodotus
1822 697 1959 740 Musas
1994 710 2091 740 suas
2125 696 2217 755 legit
2250 697 2419 750 Athenis
2440 699 2485 754 ²)
2520 705 2562 742 et

596 776 778 870 Cprimhi
800 780 844 833 ³)
887 786 927 821 ct
967 778 1116 822 Thebis
1138 781 1183 835 ⁴)
1223 787 1262 822 ct.
1295 780 1402 823 haud
1439 779 1519 822 scio
1552 793 1603 820 an
1637 778 1754 821 ctiam
1788 778 1828 820 in
1861 777 2046 835 Olympia
2067 779 2126 832 ⁵).
2193 777 2254 820 Ex
2287 792 2369 836 quo
2403 779 2560 822 nativae

598 859 858 919 simplicitatis
908 859 1040 904 studio
1087 868 1200 904 ortae
1250 846 1345 904 sunt
1386 875 1512 918 quum
1556 859 1701 903 multae
1734 858 1952 902 verborum
1984 856 2322 901 conformationes
2354 857 2557 902 Herodoto

598 925 792 998 propriae
815 948 901 984 tum
935 940 1105 999 plurima
1139 940 1390 991 anacolutha,
1427 940 1466 983 in
1500 939 1650 998 quibus
1685 937 1932 999 usurpandis
1967 937 2142 998 scriptor
2175 937 2225 981 ad
2260 937 2557 998 intelligentiam

596 1028 718 1077 atque
754 1020 959 1077 judicium.
1003 1036 1107 1079 quac
1141 1021 1386 1064 audientium
1421 1036 1593 1063 coronae
1626 1035 1715 1062 csse
1749 1006 1980 1079 potum-unt,
2017 1018 2168 1078 ubique
2202 1034 2291 1062 sese
2323 1033 2556 1064 accommo—

595 1101 724 1153 davit3
772 1116 903 1159 nequo
936 1103 1040 1145 cuim
1077 1102 1321 1145 Herodotum
1355 1102 1394 1143 in
1429 1101 1619 1144 concione.
1653 1100 1860 1144 hominum
1894 1115 1944 1142 cx
1979 1099 2168 1144 ominbus
2201 1099 2393 1144 Gracciac,
2427 1102 2558 1161 parti-

597 1181 672 1224 bus
707 1183 995 1226 confluentium
1031 1184 1153 1225 libros
1188 1199 1284 1226 suos
1318 1184 1577 1225 recitaturum
1609 1182 1722 1239 sugit,
1748 1182 1927 1224 libenter
1951 1185 1990 1222 et
2005 1181 2195 1233 jucunde
2221 1183 2448 1224 narrantis
2470 1196 2557 1225 non

593 1274 683 1305 esse
726 1262 971 1316 diliyenlem
999 1264 1308 1317 ⁸(Jrammale'cac
1341 1265 1550 1307 rationem
1583 1263 1737 1306 habere
1759 1264 1819 1316 ⁶).
1883 1262 1978 1313 Quo
2011 1261 2050 1303 in
2085 1275 2233 1318 genere
2266 1276 2288 1302 a
2321 1262 2557 1320 Thucydide

596 1341 655 1384 vel
689 1342 862 1385 maxime
895 1342 1167 1402 distinguitur,
1203 1343 1307 1403 apud
1344 1359 1463 1402 (μη-ιιι
1498 1343 1695 1402 pcrnnilta
1725 1341 2083 1401 ‹lcprchcnduntur
2105 1340 2355 1391 anacolutha‚
2381 1357 2555 1400 qnorum

593 1422 761 1479 plurima
805 1437 854 1463 cx
898 1422 1088 1464 universo
1124 1424 1244 1481 hujus
1280 1424 1486 1482 scriptoris
1520 1437 1706 1465 scrnione
1738 1423 1789 1465 ab
1822 1421 2045 1465 Hcrodoteo
2079 1419 2238 1464 diverso
2271 1429 2410 1465 exorta
2445 1429 2554 1467 sunt.

591 1501 697 1544 Sunt
739 1502 857 1551 enim,
904 1510 948 1545 ut
989 1503 1130 1545 Cicero
1163 1512 1255 1562 apto
1287 1504 1393 1552 dicit,
1431 1504 1518 1545 libri
1550 1503 1796 1561 Thucydidis
1829 1502 2005 1560 grandes
2039 1500 2185 1549 verbis,
2220 1499 2351 1543 crebri
2386 1508 2556 1544 senten-

592 1581 666 1631 tiis,
720 1583 1019 1640 cmnprcssionc
1073 1599 1207 1626 rcriun
1261 1584 1403 1626 breves
1452 1591 1490 1625 ct
1533 1583 1585 1625 ob
1626 1598 1713 1624 cam
1763 1583 1889 1642 ipsam
1939 1597 2125 1627 caussam
2159 1582 2360 1625 interdum
2395 1582 2555 1625 subob-

591 1661 696 1706 scuri
720 1664 778 1718 ⁷).

711 1741 798 1787 Jani
834 1743 939 1795 mihi,
977 1745 1040 1789 cui
1076 1751 1118 1788 ut
1151 1743 1200 1787 dc
1230 1742 1481 1787 ainicoluthis
1513 1742 1747 1786 Hermiou-is
1778 1744 2030 1787 instituerem
2063 1745 2339 1801 quaestionem
2364 1744 2553 1800 proposi-

590 1829 675 1865 tum
709 1830 782 1873 cst,
819 1823 913 1867 nibil
948 1823 1154 1883 antiquius
1189 1823 1358 1874 videtur,
1394 1838 1517 1882 quani
1551 1830 1595 1868 ut
1628 1822 1855 1869 Tullianum
1891 1822 1984 1868 illud
2020 1831 2197 1875 secutus,
2233 1839 2405 1874 omnem,
2447 1839 2554 1882 quae

589 1918 611 1945 a
662 1903 815 1946 rationo
865 1904 1119 1964 suscipiatur,
1172 1904 1221 1947 dc
1265 1904 1397 1963 aliqua
1442 1920 1484 1947 rc
1518 1904 1808 1949 institutionem
1843 1920 1866 1948 a
1899 1904 2129 1948 delinitione
2161 1904 2358 1964 proficisci
2392 1904 2552 1955 debere,

589 1984 858 2028 anacoluthon
881 1985 978 2044 quid
1003 1985 1064 2036 sit,
1090 1992 1184 2028 ante
1207 1984 1340 2028 onmia
1363 1984 1565 2028 deliniam.
1610 1985 1683 2030 Est
1706 1986 1828 2045 igitur
1851 1988 2161 2030 Ancow'ruox
2188 1980 2549 2041 (Ἀνιτκόλουθον

592 2065 614 2107 Ι.
663 2061 1013 2122 Ἂνακολουῧία)
1065 2067 1196 2125 ligura
1246 2065 1444 2125 quai-dam
1484 2065 1524 2108 in
1570 2080 1616 2109 co
1650 2066 1788 2125 posita,
1835 2074 1880 2111 ut
1913 2065 2173 2117 constructio,
2210 2081 2233 2110 a
2267 2081 2346 2125 qua
2382 2065 2554 2124 scriptor

589 2161 761 2189 exorsus
811 2154 884 2197 cst,
929 2146 1157 2205 imperti-cta
1199 2146 1461 2205 relinquatur,
1507 2147 1702 2191 sententia
1736 2153 1870 2190 autem
1903 2146 1977 2190 alia
2012 2146 2311 2191 constructione
2343 2154 2553 2206 assumpta

587 2227 636 2269 ad
682 2228 802 2270 linem
854 2226 1111 2284 perducatur.
1178 2227 1369 2285 Figuram
1403 2235 1537 2269 autem
1571 2228 1658 2270 dico
1692 2243 1783 2270 esse
1815 2227 2095 2277 anacoluthon,
2131 2227 2195 2271 cui
2228 2227 2360 2286 aliqua
2394 2241 2553 2286 semper

587 2321 732 2349 caussa
773 2306 958 2351 consulto
992 2307 1171 2365 subjecta
1207 2307 1257 2349 sit
1291 2307 1374 2350 sive
1405 2307 1615 2365 gravitatis
1651 2308 1733 2351 sivc
1768 2307 2063 2366 perspicuitatis
2098 2307 2181 2351 sive
2214 2308 2437 2351 venustatis
2470 2307 2554 2351 sive

586 2386 705 2429 animi
748 2386 969 2430 allectionis
1011 2388 1108 2446 cjus,
1146 2387 1215 2445 qui
1251 2387 1389 2430 scribit
1422 2394 1492 2431 aut
1527 2388 1695 2446 loquens
1728 2405 1751 2431 a
1786 2388 1982 2447 scriptore
2014 2388 2218 2432 inducitur
2239 2389 2297 2443 ⁸),
2333 2389 2442 2445 quod
2478 2388 2552 2431 nisi

691 2498 724 2543 2)
750 2499 896 2534 Eusebii
924 2498 1087 2535 Chronic.
1115 2499 1169 2535 Ol.
1199 2486 1262 2535 8‘3.
1291 2498 1327 2534 3.
1384 2498 1456 2535 cfr.
1484 2499 1662 2536 Plutarch.
1697 2496 1791 2552 περὶ
1834 2499 2004 2552 namq&-
2028 2494 2113 2550 ζΗρ.
2140 2511 2177 2546 p.
2206 2496 2295 2543 862,
2323 2510 2367 2535 ex
2395 2497 2553 2534 editione

585 2561 788 2603 Reiskiana,
817 2575 892 2609 cap.
920 2562 985 2599 26.

690 2625 723 2669 ³)
752 2626 911 2673 Scriptor
937 2626 1093 2662 incertus
1120 2626 1156 2660 in
1186 2625 1309 2662 Dionis
1337 2626 1580 2673 Chrysostomi
1608 2626 1763 2661 editione
1792 2626 2036 2669 Dindorfiana‚
2067 2626 2167 2661 Tom.
2195 2626 2241 2668 11,
2269 2638 2350 2672 pag.
2378 2625 2466 2661 295.

689 2690 722 2731 ⁴)
752 2688 933 2723 Plutarch.
962 2686 1056 2739 περὶ
1086 2688 1256 2740 nazary&
1280 2684 1363 2739 ‘HQ.
1392 2700 1474 2736 pag.
1504 2687 1592 2733 864,
1624 2701 1700 2736 cap.
1731 2686 1792 2725 31.

688 2754 720 2796 ⁵)
748 2752 940 2793 Lucianns,
975 2751 1117 2793 Aetion,
1154 2753 1183 2793 I,
1211 2751 1248 2793 2,
1277 2765 1495 2797 quamquam
1522 2753 1565 2787 de
1592 2757 1697 2787 coetu
1723 2753 1785 2786 illo
1812 2752 1998 2799 Olympico
2025 2752 2095 2787 viri
2123 2752 2218 2787 docti
2244 2751 2441 2787 contrarias
2467 2763 2546 2787 sen-

581 2814 717 2851 tentias
743 2814 983 2863 protulerunt,
1010 2814 1109 2862 quod
1135 2828 1337 2862 cognosces,
1371 2816 1400 2852 si
1427 2815 1624 2863 inspexeris
1651 2815 1795 2859 librum,
1822 2816 1885 2862 qui
1912 2815 2120 2852 inscribitur
2146 2815 2388 2863 Thulqdides,
2414 2815 2553 2856 erklart

581 2892 653 2915 von
680 2880 712 2915 J.
741 2879 898 2914 Classen.
952 2879 1078 2914 Erster
1104 2878 1217 2921 Band,
1247 2879 1368 2914 Berlin
1397 2878 1511 2921 1862,
1540 2879 1764 2926 Einleitung,
1794 2891 1879 2926 pag.
1906 2879 1987 2922 XV,
2016 2891 2068 2925 sq.

685 2944 719 2985 ⁴⁵)
746 2941 893 2976 Wendt.
949 2941 1001 2976 De
1028 2941 1190 2976 oratione
1218 2941 1403 2976 Herodoti.
1461 2941 1587 2987 Progr.
1615 2941 1745 2987 Gymn.
1775 2941 1907 2976 stettin
1938 2940 2052 2984 1856,
2081 2953 2164 2988 pag.
2195 2939 2259 2976 20.

686 3005 719 3051 ⁷)
748 3003 820 3040 Cic.
856 3003 959 3039 Brut.
995 3002 1031 3047 7,
1060 3002 1123 3040 29.
1179 3002 1242 3039 Cfr
1280 3003 1353 3039 Cic.
1382 3004 1486 3040 Brut.
1518 3002 1578 3047 17,
1607 3003 1677 3048 663
1706 3003 1750 3039 de
1777 3004 1839 3040 Or.
1869 3005 1914 3047 ΙΙ,
1944 3003 2008 3047 22,
2037 3003 2110 3047 93;
2138 3003 2199 3039 Or.
2228 3002 2265 3045 9,
2294 3001 2365 3045 3ος
2395 3002 2546 3046 Quintil.

576 3070 663 3104 Inst.
692 3071 785 3103 orat.
813 3067 859 3110 X,
890 3066 925 3110 1,
955 3065 1025 3110 73;
1052 3067 1199 3113 Dionys.
1228 3066 1343 3102 Halic.
1372 3066 1418 3102 ad
1445 3066 1510 3102 On.
1542 3066 1762 3113 Pompejum,
1792 3079 1899 3113 pagg.
1929 3064 2016 3109 776,
2050 3064 2138 3102 777.

683 3132 715 3177 ⁸)
743 3129 884 3179 Optime
924 3130 989 3166 hac
1029 3129 1074 3166 de
1114 3142 1153 3166 re
1194 3130 1332 3166 monuit
1371 3130 1463 3176 Aug.
1506 3129 1733 3172 Matthiaeus,
1777 3130 1839 3165 Gr.
1877 3129 1941 3165 Gr.
1978 3135 1995 3174 ξ
2030 3128 2119 3173 631,
2148 3130 2221 3167 Die
2249 3130 2382 3174 besten,
2409 3128 2541 3176 inquit,
