2941 3765
608 316 666 358 36
1435 330 1471 365 S.
1494 331 1535 365 Ε.
1558 331 1745 365 Melander.

603 441 733 483 λιστα
782 442 856 482 καὶ
898 440 952 481 τά
993 437 1189 498 ἐγχώρια
1232 439 1433 497 ῥεύματα
1464 440 1777 499 μαραίνεσθαι
1809 441 1897 482 τῶν
1930 441 2165 494 ποταμῶν,
2198 438 2307 498 quod
2341 437 2478 483 Schw.
2511 438 2576 482 la-

604 520 686 563 tine
734 519 791 562 sic
840 518 1034 563 reddidit:
1084 546 1147 552 —-
1188 533 1282 563 eam
1314 523 1647 564 consentaneum
1678 523 1743 564 est
1773 519 1957 563 maxime
1989 519 2114 563 sitire
2145 522 2186 563 et
2217 533 2353 576 aquae
2384 520 2576 577 inopiam

594 601 707 657 pati,
751 601 940 656 adeoque
989 601 1174 643 mamime
1223 601 1438 645 eoesiccari
1459 600 1700 654 fluviorum
1737 599 2024 655 scaturigines
2065 612 2171 655 quae
2211 603 2312 644 sunt
2342 601 2390 644 in
2423 615 2476 645 ea
2506 614 2575 645 re-

598 681 738 735 qione.
804 678 923 732 Quod
972 685 1064 739 post
1112 695 1334 738 pronomen
1377 678 1589 724 relativum
1622 679 1722 723 ordo
1755 678 1968 723 institutus
1999 678 2131 722 deseri
2164 679 2275 730 solet,
2312 680 2458 723 nemini
2494 681 2575 724 mi-

603 774 696 806 rum
746 758 942 810 videatur,
990 772 1083 803 nam
1127 758 1259 820 aliqua
1300 774 1350 805 ex
1385 765 1502 822 parte
1535 759 1610 804 hoc
1643 772 1693 804 ex
1727 772 1775 803 eo
1806 757 2058 805 Graecorum
2091 774 2171 805 usu
2203 758 2396 805 declarari
2429 768 2571 821 potest,

602 842 721 900 cujus
768 854 861 899 pag.
913 840 938 885 7
989 840 1231 883 mentionem
1281 839 1463 883 fecimus.
1529 838 1734 898 Exemplis
1768 838 1848 882 sint
1879 839 1908 890 Ι,
1952 842 2051 890 163,
2088 865 2147 872 -
2181 842 2246 898 τῷ
2279 837 2458 896 οὔνομα
2488 843 2576 897 μὲν

604 918 659 979 ἦν
701 917 1052 980 Ἀργανθώνιος,
1095 918 1381 978 ἐτυράννευσε
1425 920 1470 962 δὲ
1515 937 1589 961 --.’
1625 920 1652 969 l,
1691 921 1795 970 202,
1831 945 1892 951 -
1927 922 1973 962 οἳ
2006 926 2220 963 σιτέονται
2255 922 2342 973 μὲν
2375 920 2496 978 ῥίζας
2524 923 2574 963 τό

604 1003 745 1061 θέρος
777 997 1041 1058 ὀρύσσοντες
1071 1005 1294 1052 παντοίας,
1329 1001 1530 1059 καρποῦς
1562 999 1608 1043 δὲ
1642 1026 1704 1031 -
1739 1025 1800 1031 --
1835 1027 1894 1033 -
1928 1014 2008 1055 σφι
2043 1026 2101 1033 —-
2135 999 2463 1044 κατατίθεσθαι
2499 1026 2574 1054 -,

603 1084 649 1133 ll,
694 1085 803 1135 ⁴129,
837 1081 899 1131 ΙΙΙ,
937 1082 1010 1131 26,
1047 1080 1155 1134 init,
1193 1080 1257 1131 lll,
1301 1080 1400 1131 142,
1436 1081 1530 1134 fln.;
1568 1080 1613 1130 V,
1654 1082 1734 1133 523
1772 1081 1836 1131 Vl,
1880 1083 1988 1134 4233
2024 1081 2124 1131 Vlll,
2168 1083 2266 1130 106,
2302 1080 2388 1123 init.

726 1163 790 1208 Fit
839 1161 969 1212 etiam,
1021 1168 1066 1206 ut
1115 1161 1426 1212 substantivum,
1462 1161 1570 1220 quod
1605 1162 1768 1220 utrique
1802 1161 1985 1205 membro
2017 1175 2231 1206 commune
2263 1175 2354 1204 esse
2387 1161 2570 1213 debebat,

602 1245 728 1288 altero
777 1243 862 1286 loco
913 1250 1116 1301 repetatur
1166 1250 1236 1286 aut
1284 1241 1417 1301 ipsum
1460 1250 1506 1286 ut
1539 1242 1603 1293 lll,
1644 1242 1714 1292 48,
1751 1268 1809 1274 ——
1849 1268 1907 1274 -—
1941 1242 1984 1285 ot
2017 1243 2196 1298 Σάμιοι
2231 1268 2292 1275 --
2326 1268 2385 1275 ——
2419 1246 2575 1302 πρῶτα

601 1328 691 1380 μὲν
740 1350 800 1356 —-
852 1348 914 1354 —
955 1322 1164 1374 ἐδίδαξαν
1206 1348 1265 1354 --
1311 1347 1370 1353 -
1406 1347 1466 1352 —-
1499 1324 1614 1376 μετα
1648 1320 1694 1364 δὲ
1730 1346 1789 1353 —
1824 1347 1885 1353 —
1920 1347 1978 1354 -—
2013 1320 2282 1379 ἐποιήσαντο
2318 1322 2362 1365 οἳ
2394 1324 2574 1376 Σάμιοι

604 1402 756 1463 ὁρτήν,
796 1402 870 1447 cfr.
918 1401 965 1454 V,
1003 1401 1075 1454 67,
1111 1402 1209 1453 init„
1246 1410 1315 1447 aut
1350 1418 1419 1461 per
1453 1410 1666 1461 cognatam
1700 1401 1942 1446 locutionem
1977 1412 2019 1447 ut
2054 1404 2156 1453 Vlll,
2194 1407 2266 1453 96,
2302 1404 2372 1447 ubi
2405 1404 2500 1447 illud
2523 1405 2574 1446 τό

603 1484 845 1544 εἰρημένον
893 1480 939 1525 ἐν
974 1486 1174 1540 χρησμῷ
1215 1483 1330 1526 iterat
1369 1483 1446 1525 τόν
1480 1483 1709 1540 χρησμόν,
1743 1483 1852 1541 quod
1886 1482 2114 1526 antecessit.
2181 1482 2228 1533 V,
2261 1485 2327 1533 11,
2363 1480 2573 1540 ἐμνήσθη

602 1569 677 1622 τῆς
716 1563 763 1616 ἐξ
798 1562 1004 1607 Ἱστιαίου
1046 1579 1091 1606 τε
1124 1567 1201 1607 τοῦ
1233 1567 1462 1623 Μιλησίου
1495 1557 1750 1621 εὐεργεσίης
1779 1569 1854 1608 καὶ
1887 1567 1963 1621 τῆς
1992 1571 2287 1623 παραινέσεος
2317 1566 2395 1606 τοῦ
2426 1566 2572 1607 Μυτι-

603 1648 790 1701 ληναίου
842 1646 1002 1687 Κώεω.
1066 1643 1265 1687 Steinium
1314 1660 1394 1688 non
1443 1645 1585 1696 fefellit,
1631 1652 1676 1689 τέ
1707 1646 1881 1705 positum
1915 1659 2018 1695 esse,
2052 1644 2170 1703 quasi
2203 1633 2431 1687 Herodotus
2463 1642 2574 1686 initio

604 1725 808 1775 voluisset,
859 1722 954 1767 illud
1001 1726 1075 1780 τῆς
1119 1719 1371 1782 εὐεργεσίης
1409 1726 1459 1770 ad
1502 1725 1626 1769 Coem
1659 1739 1824 1784 quoque
1856 1724 2068 1784 pertinere.
2133 1724 2192 1769 lta
2224 1723 2274 1767 ad
2309 1722 2572 1783 repetendum

605 1805 843 1866 pronomina
891 1804 1125 1864 saepissime
1174 1815 1424 1865 usurpantur
1474 1812 1519 1850 ut
1569 1806 1633 1856 Vl,
1693 1809 1791 1857 133,
1844 1805 1887 1848 οἳ
1940 1804 1986 1848 δὲ
2037 1803 2220 1864 Πάριοι,
2265 1800 2385 1852 ὅκως
2413 1810 2503 1860 μέν
2534 1819 2573 1846 τι

604 1886 801 1929 δώσουσι
842 1884 1069 1942 Μιλτιάδῃ
1102 1880 1332 1943 ἀργυρίου,
1367 1883 1469 1930 οὐδὲ
1504 1885 1771 1940 διενοεῦντο,
1807 1886 1849 1929 οἳ
1884 1885 1946 1939 δὲ,
1982 1881 2100 1932 ὅκως
2131 1884 2456 1940 διαφυλάξουσι
2493 1885 2573 1940 τήν

603 1964 754 2019 πόλιν,
788 1967 915 2008 τοῦτο
950 1963 1255 2020 ἐμηχανῶντο.
1312 1966 1393 2016 Vll,
1447 1969 1544 2016 125,
1593 1994 1652 1999 -
1687 1968 1731 2011 οἳ
1762 1969 1935 2015 λέοντες
1967 1994 2027 1999 -
2058 1993 2121 1999 -
2154 1964 2298 2008 ἄλλου
2330 1967 2419 2019 μὲν
2442 1959 2571 2006 οὔδε-

604 2049 682 2096 νός
715 2041 905 2089 ἅπτοντο
942 2071 1000 2077 -
1035 2071 1110 2098 -,
1146 2044 1188 2088 οἳ
1223 2045 1268 2089 δὲ
1303 2048 1379 2095 τας
1408 2047 1644 2105 καμήλους
1674 2045 1899 2106 ἐκεράϊζον
1930 2048 2115 2103 μούνας.
2157 2046 2185 2098 l,
2228 2047 2338 2100 4233
2364 2044 2426 2095 ΙΙΙ,
2460 2046 2569 2099 126;

604 2127 670 2176 ΙΥ,
723 2128 821 2175 125,
866 2126 960 2179 tin.;
1005 2126 1051 2175 V,
1089 2128 1170 2178 353
1207 2127 1289 2175 Vll,
1334 2130 1431 2177 1¹56,
1467 2129 1574 2183 init.;
1611 2129 1692 2178 Vll,
1737 2131 1842 2182 4633
1877 2128 1927 2171 de
1959 2128 2111 2186 quibus
2144 2128 2240 2171 locis
2273 2126 2463 2170 consulas
2497 2126 2569 2168 Kr.

604 2208 650 2257 ll,
699 2209 770 2256 50,
824 2208 858 2257 l,
902 2208 979 2259 10,
1015 2204 1146 2249 Madv.
1181 2209 1205 2258 S
1248 2209 1345 2257 188,
1381 2207 1474 2252 adn.
1517 2212 1550 2259 1,
1589 2217 1692 2261 not.;
1728 2209 1775 2252 R.
1815 2213 1840 2262 S
1876 2212 1948 2259 99,
1985 2212 2026 2259 6,
2062 2208 2087 2258 l,
2123 2209 2177 2263 {33
2212 2208 2288 2258 Ku,
2325 2212 2351 2261 S
2387 2207 2490 2256 732,
2528 2209 2568 2257 3,

604 2304 648 2342 c;
701 2287 842 2331 Matth.
894 2290 918 2339 S
969 2287 1072 2335 289,
1124 2286 1216 2330 adn.
1261 2291 1310 2342 9;
1354 2289 1401 2332 Β.
1444 2304 1534 2349 pag.
1580 2292 1683 2332 310.
1728 2316 1787 2321 -
1822 2289 1888 2339 ΙΥ,
1933 2292 1999 2340 10,
2034 2315 2097 2321 -—
2130 2290 2209 2346 τήν
2241 2284 2286 2330 δ’
2318 2314 2380 2320 -
2415 2313 2473 2320 —-
2508 2313 2568 2318 ——-

600 2371 730 2411 τοῦτο
762 2374 853 2422 μέν
886 2379 965 2421 σφι
999 2362 1231 2421 οὕνόματα
1267 2369 1439 2411 θέσθαι
1473 2397 1532 2403 —
1568 2396 1628 2402 —
1663 2396 1737 2422 —‚
1772 2372 1899 2412 τοῦτο
1934 2369 1980 2411 δὲ
2014 2396 2076 2401 -
2108 2395 2167 2401 -—-
2193 2395 2250 2401 —-
2276 2364 2412 2424 αὐτὴν
2435 2369 2570 2423 ποιῆ-

602 2463 677 2492 σαι
710 2450 763 2491 τά
797 2445 1106 2501 ἐντεταλμένα,
1141 2463 1315 2506 quocum
1348 2450 1422 2493 cfr.
1458 2452 1504 2502 Υ,
1542 2450 1615 2497 71.
1670 2450 1855 2495 Efficitur
1888 2451 2007 2495 etiam
2042 2449 2286 2509 repetitione,
2322 2457 2369 2494 ut
2401 2448 2569 2508 partici-

601 2528 712 2588 pium
746 2536 888 2572 contra
922 2526 1144 2577 consilium,
1179 2528 1288 2587 quod
1322 2529 1432 2574 initio
1465 2540 1681 2576 secuturus
1713 2539 1800 2575 erat
1832 2531 2017 2591 scriptor,
2056 2546 2137 2574 non
2171 2530 2222 2574 ad
2254 2531 2426 2575 alterum
2459 2546 2569 2589 quo-

600 2624 681 2669 que
715 2607 945 2654 membrum
980 2607 1188 2660 referatur,
1225 2610 1253 2661 l,
1292 2612 1363 2661 82,
1401 2639 1458 2643 -
1493 2613 1699 2667 λέγοντες
1730 2611 1774 2656 οἳ
1805 2615 1907 2668 μὲν,
1941 2609 2004 2661 ὥς
2035 2639 2096 2645 -
2130 2639 2206 2665 --,
2230 2611 2274 2655 οἳ
2297 2610 2345 2654 δὲ·
2368 2638 2427 2644 --
2452 2606 2569 2654 ἄπο-

601 2695 835 2745 φαίνοντες
874 2714 951 2741 -,
997 2688 1047 2732 ad
1089 2703 1210 2748 quein
1244 2689 1376 2734 locum
1411 2690 1483 2735 ΚΓ.
1517 2697 1557 2735 et
1588 2690 1666 2736 Ab.
1701 2700 1809 2736 recte
1841 2691 2214 2737 animadverterunt
2246 2691 2451 2749 λέγοντες
2479 2690 2569 2736 col-

601 2771 778 2812 locatum
828 2785 931 2819 esse,
984 2770 1102 2828 quasi
1146 2765 1470 2824 ἀποφαίνοντες
1501 2786 1582 2814 non
1615 2778 1932 2816 consecuturum
1965 2781 2084 2817 esset.
2151 2773 2325 2817 Maxima
2359 2771 2452 2816 huic
2485 2771 2570 2815 loco

599 2858 661 2895 est
702 2849 920 2894 similitudo
961 2865 1056 2895 cum
1098 2850 1126 2900 l,
1174 2853 1246 2900 86,
1294 2878 1352 2883 —
1388 2847 1631 2908 ἀνεβίβασε
1666 2850 1731 2895 ἐπ’
1762 2849 1901 2909 adaja
1933 2856 2030 2909 (τήν
2063 2857 2228 2910 πυρὴν)
2261 2857 2337 2897 τόν
2371 2857 2571 2911 Κροῖσον

598 2958 660 2964 -
711 2957 787 2985 —-,
837 2928 886 2974 ἐν
934 2929 1030 2990 νόῳ
1073 2927 1190 2987 ἔχων
1232 2930 1311 2973 εἴτε
1356 2928 1412 2988 δὴ
1455 2926 1702 2990 άκροθίνια
1743 2934 1876 2975 ταῦτα
1920 2936 2147 2989 καταγιεῖν
2188 2934 2314 2977 θεῶν
2348 2929 2461 2991 ὅτεῳ
2498 2932 2569 2989 δή,

599 3012 680 3054 εἴτε
726 3016 800 3054 καὶ
842 3007 976 3068 εὐχήν
1016 3009 1263 3053 ἐπιτελέσαι
1305 3009 1496 3065 ἐθέλων,
1530 3026 1612 3071 qua
1644 3012 1906 3057 declinatione
1939 3012 2042 3057 facta
2076 3012 2187 3056 facile.
2220 3013 2349 3072 pergit
2381 3013 2570 3057 Herodo-

598 3098 666 3137 tus
716 3092 799 3135 εἴτε
850 3096 923 3136 καὶ
967 3090 1238 3148 πυθόμενος
1277 3117 1338 3124 -—
1370 3119 1431 3124 —
1467 3119 1540 3137 -—.
1585 3093 1777 3153 Inspicias
1810 3108 1973 3152 quoque
2006 3094 2033 3144 1,
2078 3097 2185 3147 190;
2222 3094 2304 3144 Vll.
2350 3097 2446 3138 113.
2511 3093 2572 3137 De
