2941 3765
1040 337 1090 370 De
1112 336 1321 370 anacoluthis
1343 337 1559 370 Herodoteis.
2184 321 2241 362 53

282 462 446 506 quoque
488 446 677 505 explicari
715 461 846 505 posse,
891 455 937 491 ut
969 461 1020 490 ex
1055 453 1268 506 praecepto
1301 446 1427 505 ipsius
1460 447 1489 498 1,
1527 445 1599 497 54,
1642 447 1708 497 12,
1751 447 1804 491 12
1838 445 2027 505 apodosis
2060 445 2159 489 haec
2194 440 2244 488 εὖ

284 523 341 570 ἂν
383 525 477 583 ἔχοι
516 525 769 586 intelligatur,
804 541 909 587 quae
942 526 1141 572 sententia
1171 525 1343 586 cuipiam
1377 525 1595 586 probabilis
1629 525 1824 576 videatur,
1860 524 1942 576 sed,
1978 525 2013 570 si
2043 525 2140 585 quid
2175 525 2242 570 vi-

281 606 369 658 deo,
404 605 501 651 nihil
532 604 707 666 impedit,
741 622 823 667 quo
855 606 989 652 minus
1022 607 1097 652 hoe
1128 621 1292 668 quoque
1323 605 1409 651 loeo
1442 605 1764 652 enunciationem
1786 604 2017 666 primariam
2040 620 2113 666 per
2136 620 2238 666 par-

283 687 445 732 ticulam
495 685 545 729 δέ
591 685 796 730 inductam
845 702 934 731 esse
980 702 1074 733 cum
1122 686 1308 731 Abiehtio
1356 686 1646 731 existimemus,
1713 686 1740 737 Ι,
1792 684 1888 736 173,
1926 691 2035 733 τέως
2064 687 2152 741 μὲν
2184 683 2241 743 δή

285 765 429 811 αὐτῶν
470 765 733 825 Σαρπηδών
764 762 884 825 ἦρχε,
919 768 961 811 οἳ
995 768 1040 811 δὲ
1075 767 1309 811 ἐκαλέοντο
1344 794 1401 799 -
1438 794 1498 799 -
1534 794 1605 809 —-.
1640 765 1703 814 ὥς
1733 767 1779 809 δὲ
1815 793 1876 799 -
1910 793 1971 798 --
2004 766 2151 813 Λύκος
2180 790 2242 799 -—

284 876 346 883 —-
394 844 573 891 α’πίκετο
624 874 697 900 -,
748 842 863 890 οὕτω
914 848 969 906 δὴ
1021 876 1080 882 ——-
1128 877 1189 881 —
1236 851 1395 892 Λύκιοι
1441 847 1715 905 ἐκλήθησαν.
1781 849 1879 892 lllud
1915 856 2022 895 τέως
2052 862 2126 906 pro
2159 845 2245 894 ἕως

284 934 526 988 usurpatum
567 942 682 979 esse„
713 926 828 972 docet
859 928 931 973 Kr.
964 929 1009 980 ΙΙ,
1047 933 1118 981 69,
1154 928 1226 980 72,
1261 929 1355 973 adn.
1389 930 1436 981 11,
1479 930 1577 980 149,
1614 924 1759 972 ἄπεοὲν
1791 931 1880 983 μὲν
1912 955 1988 981 —,
2024 925 2052 983 ἦ
2086 926 2133 970 δὲ
2166 954 2241 985 -1,

284 1006 420 1054 ἐπεὰν
463 1006 525 1053 δέ.
608 1007 683 1061 ΙΙΙ,
733 1009 838 1060 133,
890 1003 999 1054 ὅσον
1044 1012 1131 1067 μὲν
1177 1037 1239 1044 -
1288 1008 1460 1070 χρόνον
1517 1037 1593 1064 --,
1643 1006 1673 1066 ἦ
1721 1007 1767 1053 δὲ
1819 1035 1893 1062 ——,
1945 1006 2044 1053 ἐπεί
2086 1024 2129 1052 τε
2178 1006 2241 1052 δέ.

283 1090 350 1141 lv,
395 1091 435 1141 3,
477 1093 611 1147 μέχρι
650 1094 739 1145 μέν
785 1113 860 1142 -—,
908 1088 952 1133 οἳ
1000 1088 1047 1133 δὲ
1094 1117 1153 1123 -
1202 1104 1293 1123 -·
1343 1088 1479 1134 ἐπεάν
1526 1089 1588 1134 δέ.
1652 1089 1718 1140 IV,
1778 1091 1876 1140 165,
1928 1087 2012 1137 ἕως
2041 1090 2129 1144 μὲν
2161 1113 2239 1141 —-,

285 1168 315 1227 ἦ
347 1169 394 1213 δὲ
427 1195 502 1222 -—,
536 1166 636 1211 ἐπεί
663 1183 703 1211 τε
739 1168 801 1211 δέ.
866 1168 932 1213 Sic
965 1170 1146 1214 scribunt
1177 1177 1336 1230 praeter
1367 1170 1616 1215 Dietsehium
1649 1169 1739 1213 Joh.
1773 1178 1814 1213 et
1843 1169 1921 1213 Ab.
1945 1168 2081 1212 Schw.
2105 1174 2242 1212 autem

282 1249 366 1309 Sg„
403 1249 491 1299 Lh.,
528 1249 613 1300 Kr.,
648 1249 710 1293 St.
743 1264 816 1310 pro
850 1248 933 1296 ἕως
963 1250 1112 1294 habent
1143 1257 1265 1307 τέως,
1294 1251 1343 1294 de
1374 1266 1457 1312 quo
1479 1251 1553 1294 cfr.
1577 1252 1605 1303 1,
1638 1249 1737 1295 173.
1787 1251 1856 1301 ΙΧ,
1883 1253 1924 1301 6,
1950 1248 2034 1297 ἕως
2054 1251 2142 1305 μὲν
2165 1275 2241 1302 —,

286 1331 329 1373 οἳ
364 1330 411 1372 δὲ
444 1345 536 1361 —-·
570 1328 662 1371 ἐπεὶ
694 1329 741 1371 δὲ
776 1356 849 1383 —,
884 1325 999 1373 οῧιω
1033 1330 1102 1389 δή.
1157 1332 1225 1383 IX,
1263 1335 1335 1383 63,
1372 1329 1483 1374 ὅσον
1515 1337 1604 1385 μέν
1638 1357 1700 1363 -—
1724 1330 1894 1390 χρόνον
1924 1356 2000 1383 —‚
2025 1329 2068 1372 οἳ
2091 1328 2137 1370 δὲ
2162 1353 2239 1382 —-,

286 1409 348 1457 ὥς
380 1410 426 1452 δὲ
460 1437 522 1442 ——
556 1406 670 1452 οὕτω
704 1410 773 1467 δή.
839 1411 907 1461 ΙΧ,
945 1410 1016 1462 70,
1052 1411 1136 1459 ἕως
1164 1416 1251 1467 μὲν
1283 1438 1358 1465 —‚
1394 1413 1437 1455 οἳ
1470 1408 1522 1454 δ’
1554 1438 1629 1465 —,
1664 1410 1727 1459 (ὗς
1759 1411 1810 1453 δέ
1841 1437 1917 1464 —‚
1952 1406 2069 1452 οῧτω
2103 1409 2173 1466 δή.
2208 1410 2237 1459 Ι,

292 1493 359 1543 13,
413 1517 471 1522 -
521 1492 771 1548 συνέβησαν
818 1517 877 1523 --
927 1517 1001 1545 -—,
1051 1488 1105 1549 ἢν
1149 1497 1236 1548 μὲν
1276 1493 1330 1551 δὴ
1372 1495 1422 1536 τό
1457 1492 1733 1551 χρηστήριον
1765 1488 1900 1549 α’νὲλῃ
1931 1506 2014 1547 μιν
2046 1490 2243 1547 βασιλέα

286 1568 399 1615 εἶναι
445 1569 618 1624 Λυδῶν,
652 1573 727 1614 τόν
760 1570 806 1614 δὲ
840 1571 1108 1627 βασιλεύειν,
1141 1570 1196 1630 ἢν
1228 1574 1273 1617 δὲ
1307 1576 1388 1630 μὴ,
1422 1568 1673 1616 ἀποδοῦναι
1705 1572 1852 1616 ὀπίσω
1887 1571 1929 1620 ἐς
1955 1570 2246 1630 Ἡρακλείδας

285 1652 364 1708 τήν
412 1645 565 1709 ἀρχήν.
607 1651 671 1702 lll,
720 1653 790 1702 36,
828 1650 872 1695 εἰ
897 1656 983 1708 μὲν
1018 1679 1090 1706 -,
1125 1653 1168 1697 οἳ
1201 1653 1247 1696 δὲ
1283 1680 1358 1707 -,
1394 1650 1447 1710 ἢν
1480 1653 1526 1696 δὲ
1560 1656 1640 1710 μή.
1679 1647 1745 1703 lv,
1786 1655 1858 1703 65,
1896 1649 1950 1708 ἢν
1982 1656 2070 1708 μὲν
2104 1680 2179 1706 —,
2215 1650 2243 1696 ὅ

288 1730 336 1773 δὲ
370 1757 444 1783 -,
479 1728 534 1787 ἢν
568 1730 629 1773 δέ.
696 1732 762 1782 lv,
800 1735 872 1783 68,
908 1730 962 1789 ἢν
994 1736 1078 1788 μὲν
1110 1737 1292 1786 -,,τοῦ
1326 1733 1372 1776 δὲ
1407 1747 1497 1765 —·
1532 1730 1587 1789 ἢν
1619 1733 1682 1775 δέ.
1749 1733 1817 1776 lv.
1854 1733 1926 1783 94,
1964 1731 2019 1789 ἢν
2052 1736 2140 1788 μὲν
2164 1760 2240 1786 -,

286 1814 398 1854 τοῖσι
448 1809 494 1853 δὲ
546 1826 635 1844 -·
683 1809 738 1868 ἢν
778 1810 824 1854 δὲ
858 1814 939 1868 μή.
1003 1813 1068 1862 lv,
1110 1815 1206 1864 426,
1243 1813 1286 1856 εἰ
1311 1816 1399 1869 μὲν
1432 1840 1508 1867 -,
1543 1814 1598 1856 σύ
1630 1812 1676 1855 δὲ
1712 1840 1788 1865 -,
1822 1811 1865 1854 εἰ
1894 1812 1941 1855 δὲ
1975 1840 2052 1867 -,
2087 1815 2140 1856 σύ
2176 1812 2239 1855 δέ.

288 1891 335 1942 V,
393 1893 428 1942 1,
477 1887 531 1947 ἢν
562 1893 650 1945 μὲν
683 1917 757 1943 -,
793 1893 890 1939 τούς
922 1892 967 1935 δὲ
1002 1920 1075 1946 —,
1112 1890 1163 1950 ἢν
1194 1892 1239 1935 δὲ
1272 1893 1354 1950 αή.
1424 1893 1500 1946 Vl„
1524 1895 1595 1944 53,
1634 1891 1687 1951 ἢν
1720 1896 1807 1948 μὲν
1839 1920 1915 1947 -,
1947 1894 2048 1941 τούς
2078 1892 2126 1936 δὲ·
2160 1919 2237 1947 —,

288 1969 342 2031 ἢν
374 1971 437 2015 δέ.
489 1971 569 2022 Vll,
613 1974 711 2023 103,
747 1971 790 2016 εἰ
818 1999 893 2027 —,
927 1975 973 2016 σὲ
1008 1972 1057 2016 δέ
1088 2000 1160 2017 -.
1195 1972 1238 2016 εἰ
1266 1973 1327 2018 δέ.
1378 1974 1479 2027 VlIl,
1516 1976 1588 2026 22,
1624 1973 1668 2018 εἶ
1696 1974 1744 2018 δὲ
1768 2002 1843 2030 -,
1867 1973 1995 2031 ὖμεῖς
2016 1973 2064 2017 δὲ
2087 1990 2178 2005 —·
2204 1972 2248 2017 εἰ

288 2052 350 2107 δέ,
391 2067 639 2114 quamquam
680 2060 726 2098 ut
769 2053 854 2097 aliis
887 2053 1095 2114 permultis
1127 2053 1233 2107 locis,
1269 2054 1338 2099 ubi
1370 2054 1465 2101 illud
1499 2054 1550 2099 δέ
1580 2055 1621 2100 in
1655 2055 1896 2101 secundaria
1927 2070 2092 2115 quoque
2123 2062 2241 2116 parte

285 2134 472 2185 occurrit,
525 2134 581 2178 sio
628 2134 705 2177 hoe
753 2136 845 2193 quis
886 2134 1094 2193 putaverit,
1137 2135 1346 2194 primariae
1378 2136 1671 2181 enunciationis
1705 2136 1761 2180 δέ·
1787 2137 1838 2180 ad
1871 2136 1967 2180 nihil
1999 2136 2106 2180 aliud
2139 2150 2239 2195 per-

286 2215 413 2261 tinere
456 2214 533 2259 nisi
574 2214 624 2259 ad
657 2214 903 2275 praecedens
935 2214 1030 2259 illud
1064 2213 1114 2258 δέ
1144 2215 1418 2275 repetendum.
1482 2217 1530 2269 11,
1566 2220 1638 2269 39,
1673 2221 1786 2261 τοῖσι
1818 2219 1907 2273 μὲν
1939 2213 1996 2260 ἄν
2029 2211 2057 2274 ᾗ
2090 2212 2239 2275 ἀγορῇ

287 2322 350 2328 —-
397 2321 472 2349 —,
514 2296 557 2339 οἳ
598 2296 644 2338 δὲ
686 2322 744 2328 -
788 2322 847 2328 —
883 2292 970 2339 ἀπ’
1002 2292 1067 2339 ὥν
1099 2295 1263 2348 ἔδοντο,
1296 2300 1408 2340 τοῖσι
1441 2297 1489 2340 δὲ
1522 2295 1579 2340 ἄν
1609 2300 1678 2353 μή
1711 2304 1914 2355 παρέωσι
1930 2294 2160 2352 Ἕλληνες,
2197 2296 2241 2339 οἳ

287 2376 315 2420 δ
339 2372 354 2390 ³
385 2374 655 2433 ἐκβάλλουσι
708 2403 765 2407 -
802 2403 875 2419 -.
910 2376 1015 2421 Haec
1049 2376 1258 2436 scriptura,
1293 2392 1397 2435 quae
1429 2377 1816 2437 Schweighaeuseri,
1851 2377 2019 2436 Stegeri,
2055 2377 2237 2421 lohans-

287 2457 400 2510 sonii,
449 2457 589 2503 Steinii
637 2465 710 2509 est,
762 2458 904 2519 recepi,
954 2472 1079 2518 quum
1125 2457 1370 2517 praesertim,
1419 2458 1453 2503 si
1495 2459 1700 2505 Dietschio
1741 2459 1906 2504 credere
1946 2457 2047 2510 lieet,
2082 2456 2241 2502 codices

287 2539 328 2582 in
376 2538 508 2599 priore
557 2538 737 2582 membro
785 2538 976 2583 exhibent
1025 2539 1067 2583 οἳ
1115 2537 1165 2581 δέ
1210 2538 1270 2582 vel
1320 2537 1428 2583 οἶδε.
1498 2540 1574 2584 Lh.
1618 2547 1755 2586 autem
1787 2547 1826 2584 et
1858 2539 1906 2584 D.
1940 2546 1980 2583 et
2012 2537 2090 2583 Ab.
2131 2536 2243 2582 Bek-

287 2619 430 2665 kerum
466 2618 592 2665 secuti
625 2618 875 2680 scripserunt
910 2618 953 2663 οἳ
984 2625 1084 2677 μέν.
1138 2619 1324 2664 Attamen
1357 2619 1435 2665 Ab.
1469 2635 1615 2681 parum
1649 2620 1725 2666 sibi
1756 2627 1927 2672 constat,
1962 2634 2091 2680 quum
2128 2633 2244 2664 suam

287 2701 327 2746 in
361 2702 470 2747 hunc
503 2701 634 2747 locum
666 2700 964 2746 adnotationem
998 2699 1217 2761 scripturae
1250 2700 1292 2744 οἳ
1325 2699 1377 2744 δέ
1407 2702 1696 2747 accommodet.
1751 2702 1945 2747 Ceterum
1977 2701 2053 2745 hoc
2085 2700 2244 2745 deloco

288 2783 376 2829 vide
421 2784 477 2827 sis
509 2797 600 2842 pag.
639 2783 711 2827 34.
776 2784 860 2833 Vll,
904 2786 1002 2833 188,
1040 2778 1137 2825 ὅσοι
1170 2784 1256 2837 μὲν
1296 2807 1370 2834 -,
1405 2783 1449 2826 οἳ
1483 2779 1534 2826 δ”
1566 2799 1659 2816 -·
1694 2781 1803 2832 ὅσας
1835 2784 1882 2826 δὲ
1914 2786 2005 2825 τῶν
2038 2785 2152 2825 νεών
2183 2807 2246 2815 --

288 2890 349 2898 --
382 2892 459 2918 -,
493 2866 568 2912 τοὶς
596 2867 685 2919 μὲν
719 2864 773 2881 Α
809 2867 885 2912 τοῖς
917 2864 979 2907 δέ.

410 2944 499 2988 Jam
540 2945 651 2988 duae
682 2947 1014 2998 emundationes,
1048 2956 1228 2999 quarum
1259 2943 1399 2985 altera
1430 2945 1560 2987 alteri
1590 2945 1822 3000 subjuncta
1853 2958 1945 2988 esse
1977 2942 2167 2996 debebat,
2199 2950 2245 2985 ut

288 3041 359 3087 per
399 3024 636 3086 particulam
669 3024 721 3069 δέ
750 3025 854 3070 inter
887 3041 930 3071 se
962 3029 1233 3086 opponuntur,
1269 3022 1324 3067 ita
1349 3025 1574 3079 particula
1607 3033 1653 3070 τέ
1682 3028 1799 3071 inter
1831 3040 1876 3070 se
1910 3024 2113 3080 conjungi
2137 3038 2244 3081 pos-

288 3111 398 3153 sunt.
453 3107 553 3158 Vlll,
596 3109 694 3158 101,
729 3108 784 3150 σύ
818 3102 883 3150 ὥν
915 3105 1032 3163 ἐμοὶ,
1065 3107 1139 3173 καὶ
1171 3105 1259 3163 yde
1292 3109 1392 3163 περὶ
1423 3108 1498 3162 τῆς
1528 3113 1778 3164 ναυμαχίης
1809 3102 1857 3151 εὖ
1892 3104 2247 3162 συνεβούλευσας

410 3200 526 3235 Lunds
551 3199 647 3234 Univ.
672 3190 849 3235 Arsskrist.
894 3199 991 3234 Tom.
1014 3199 1052 3233 V.
2079 3198 2121 3232 11
