2941 3765
1308 276 1330 292 δ

1012 338 1060 370 De
1083 337 1292 371 anacoluthis
1314 337 1528 371 Herodoteis.
2191 317 2250 363 37

290 445 356 497 vi,
400 447 453 489 13
486 452 526 489 et
558 445 627 496 lx,
671 447 724 489 15
758 445 880 490 adeas
912 462 1029 507 pagg.
1065 449 1137 499 29,
1175 449 1248 491 30.
1304 446 1426 491 Verbi
1459 453 1596 492 autem
1628 444 1729 490 finiti
1761 444 1803 490 in
1825 445 2046 505 posteriore
2068 444 2252 490 membro

289 525 445 587 repetiti
490 525 672 585 exempla
717 526 972 585 suppeditent
1016 528 1043 577 I,
1093 530 1191 579 135,
1234 534 1456 584 γαμέουσι
1492 522 1537 570 δ’
1569 526 1750 574 ἕκαστος
1780 522 1925 569 αὗτιῦν
1958 527 2132 573 πολλοῖς
2163 528 2251 580 μὲν

289 606 518 665 κουριδίας
563 608 788 662 γυναῖκας,
838 608 999 666 πολλῷ
1039 603 1084 649 δ’
1124 607 1183 651 ἔτι
1216 610 1410 657 πλεῦνας
1439 608 1677 655 παλλακὰς
1706 609 1905 649 κτῶνται.
1970 605 2054 650 Hoc
2087 605 2250 665 quidem

289 687 376 731 loco
407 685 470 730 illa
504 684 685 745 repetitio
718 683 917 744 explicatu
949 684 1128 731 facillima
1160 695 1235 739 est,
1270 693 1403 747 neque
1435 689 1543 733 enim
1576 688 1684 733 ullus
1706 687 1826 731 homo
1848 686 2031 738 Graecus
2053 700 2248 745 umquam

289 765 435 812 dixerit
469 770 695 824 γαμέουσι
729 763 977 816 παλλακάς.
1042 767 1088 819 lI,
1130 767 1196 820 17,
1233 795 1291 801 -
1326 768 1540 826 λέγομεν,
1574 768 1800 825 Αἴγυπτον
1831 769 1919 823 μὲν
1951 768 2103 809 πᾶσαν
2136 764 2249 809 εἶναι

288 847 445 903 ταύτην
484 847 563 902 τὴν
604 842 681 888 ὑπ’
713 845 1265 905 Αἶγυπτίωνοῖκεομένην
1298 875 1359 881 -
1391 875 1453 880 —
1488 875 1563 902 —-,
1598 847 1798 905 οὔρισμα
1831 848 1877 889 δὲ
1907 844 2025 904 Ἀσίῃ
2059 852 2133 889 καὶ
2165 850 2249 889 Λι-

289 927 376 984 βύῃ
426 925 618 981 οἴδαμεν
667 922 796 969 οῦδὲν
844 926 933 969 ἐόν.
997 928 1060 977 111,
1115 915 1184 979 4⁰7,
1222 955 1278 961 -—
1314 928 1623 986 ἐστρατεύοντο
1658 954 1719 960 —-
1753 954 1814 960 --
1848 926 2155 983 ἐστρατεύοντο
2188 955 2249 960 —

289 1035 364 1051 —.
399 1007 463 1058 ul,
501 1009 583 1061 883
618 1006 665 1058 V,
703 1009 775 1051 91.
830 1006 1138 1052 Structurarum
1164 1010 1332 1069 vquoquc
1365 1010 1496 1070 paullo
1530 1024 1654 1069 supra
1687 1015 2093 1052 commemoratarum
2117 1007 2249 1067 parti-

288 1088 397 1147 cipes
431 1094 528 1133 sunt
560 1087 601 1131 hi
633 1086 719 1138 loci,
753 1087 820 1139 lv,
864 1090 961 1139 135,
998 1090 1202 1134 κατέλιπε
1238 1089 1283 1133 δὲ
1319 1090 1419 1139 τούς
1449 1106 1493 1133 τε
1528 1087 1660 1138 ὄνους
1690 1093 1765 1132 καὶ
1798 1090 1898 1137 τοῦς
1929 1084 2153 1136 ἀσθενέας
2180 1091 2254 1145 τῆς

289 1171 490 1226 στρατιῆς
526 1166 666 1211 τῶνδε
709 1165 890 1222 εἵνεκεν,
931 1166 1008 1211 ‘lm
1041 1169 1083 1213 οἳ
1114 1172 1200 1225 μὲν
1233 1168 1330 1214 ὄνοι
1362 1171 1480 1227 βοήν
1512 1175 1808 1225 παρέχωνται,
1841 1169 1887 1235 οἱ
1920 1166 1967 1210 δὲ
2003 1165 2246 1227 ἄνθρωποι

286 1275 350 1282 -—-
366 1275 427 1283 -—
444 1275 506 1282 —-
522 1248 832 1292 κατελείποντο
849 1275 925 1292 —.
949 1248 1050 1301 VHL
1077 1252 1174 1302 136,
1198 1249 1462 1308 Μαρδόνιος
1478 1277 1536 1282 -
1556 1247 1736 1306 ἔπεμψε
1758 1246 1958 1306 ἄγγελον
1975 1277 2034 1282 -
2055 1277 2129 1303 —,
2149 1245 2249 1303 ἅμα

287 1332 375 1384 μὲν
398 1325 462 1372 ὅτι
487 1356 545 1361 -
571 1356 646 1382 --,
670 1325 769 1384 ἅμα
803 1327 850 1371 δὲ
874 1326 901 1371 ὁ
924 1328 1185 1387 Μαρδόνιος
1205 1330 1468 1386 πυθόμενος
1490 1325 1555 1372 ὅτι
1580 1356 1639 1362 —-
1665 1355 1723 1360 —
1751 1356 1809 1362 —
1833 1328 2019 1384 ἔπεμπε.
2080 1330 2146 1379 vl,
2181 1332 2246 1379 17,

289 1412 531 1459 Διονύσιος
552 1435 613 1442 —-
649 1436 706 1442 -
731 1403 943 1453 ἅπέπλωε
966 1407 1009 1459 ἐς
1028 1412 1114 1466 μὲν
1136 1408 1351 1454 φώκαιαν
1374 1405 1518 1453 ούκέτι
1540 1438 1602 1442 -
1625 1437 1686 1442 —
1709 1438 1785 1463 -,
1810 1407 1837 1453 ὅ
1861 1408 1907 1453 δὲ
1933 1437 1991 1443 —
2017 1439 2076 1443 —
2100 1408 2248 1453 ἔπλωε

288 1488 331 1538 ἐς
379 1493 609 1546 Φοινίκην,
655 1504 831 1549 quocum
874 1490 947 1535 cfr.
989 1490 1072 1541 VII,
1119 1492 1224 1536 208.
1272 1516 1333 1522 --
1365 1490 1572 1535 Interdum
1607 1490 1823 1550 particulae
1856 1489 2023 1534 exordio
2055 1491 2249 1534 orationis

289 1577 540 1630 repugnante
588 1571 629 1614 in
662 1571 787 1615 altero
819 1571 1000 1616 membro
1032 1572 1239 1622 iterantur,
1274 1572 1337 1622 Ill,
1377 1571 1446 1622 43,
1482 1570 1649 1626 ἔμαθε,
1684 1567 1748 1615 ὅτι
1783 1569 2021 1627 ἐκκομίσαι
2054 1588 2096 1615 τε
2137 1567 2249 1615 αδύ-

289 1666 421 1694 νατον
469 1651 536 1706 εἴη
588 1677 645 1682 -
681 1678 743 1683 -
775 1678 851 1704 ——,
885 1656 960 1694 καὶ
993 1648 1059 1694 ὅτι
1095 1678 1152 1683 —
1187 1678 1260 1693 —.
1295 1651 1377 1701 Vll,
1414 1653 1551 1709 2„—
1585 1653 1732 1694 κατότι
1767 1650 2071 1707 πρεσβύτατός
2100 1668 2143 1695 τε
2180 1653 2247 1709 εἴη

289 1757 349 1763 -
393 1756 451 1762 -
499 1756 560 1762 -
592 1734 666 1773 καὶ
700 1727 767 1774 ὅτι
802 1757 875 1774 -.
909 1731 1056 1775 κατότι
1090 1746 1181 1776 cum
1214 1731 1397 1776 Abichtio
1431 1730 1586 1790 scripsi.
1645 1728 1736 1781 ΥΠ,
1775 1733 1815 1780 2,
1853 1757 1915 1763 -
1949 1729 2011 1779 ὥς
2037 1726 2253 1788 ’Δτόσσης

288 1826 331 1853 τε·
380 1813 484 1858 παῖς
531 1811 597 1867 εἴη
640 1837 698 1842 -
745 1837 802 1842 -
846 1816 920 1854 καὶ
969 1808 1034 1855 ὅτι
1084 1838 1157 1854 --.
1208 1812 1290 1862 Vll,
1354 1810 1447 1862 197,
1498 1837 1558 1843 --
1609 1808 1672 1858 (ὗς
1722 1811 1884 1853 θύεταί
1928 1827 1970 1854 τε·
2014 1809 2250 1867 ἐξηγέοντο

290 1897 514 1946 στέμμασι
576 1894 664 1940 πᾶς
709 1894 958 1941 πυκασθεὶς
1011 1897 1084 1935 καὶ
1141 1891 1201 1940 οἷς
1256 1894 1336 1935 σῦν
1392 1895 1558 1948 πομπῇ
1607 1889 1828 1947 ἐξαχθείς.
1910 1891 1991 1935 Sed
2041 1891 2090 1935 ad
2142 1892 2251 1936 hunc

288 1971 421 2016 locum
477 1985 568 2030 pag,
631 1971 685 2016 40
746 1981 1009 2018 revertemur.
1093 1973 1184 2024 vll,
1248 1973 1344 2023 145,
1398 1998 1458 2004 —-
1516 1972 1561 2015 εἴ
1613 1987 1705 2021 κως
1765 1971 1812 2015 ἓν
1870 1988 1910 2015 τε
1971 1978 2145 2029 γένοιτο
2201 1975 2250 2016 τό

281 2051 556 2109 Ἑλληνικόν,
590 2056 665 2096 καὶ
698 2051 741 2096 εἰ
769 2079 828 2085 -
862 2079 936 2097 -.
969 2051 1101 2107 Quam
1133 2052 1404 2113 exemplorum
1438 2052 1584 2098 seriem
1618 2052 1691 2096 loci
1723 2051 1978 2105 concludant,
2005 2053 2075 2098 ubi
2098 2053 2252 2113 longior

289 2134 481 2178 orationis
525 2148 621 2192 pars
661 2133 716 2176 ita
764 2141 981 2193 repetatur,
1025 2135 1088 2184 ΙΙΙ,
1134 2137 1205 2183 99,
1240 2131 1288 2180 ὃς
1320 2131 1376 2175 ἂν
1407 2134 1533 2190 κάμῃ
1567 2137 1657 2175 τῶν
1690 2129 1850 2186 α’στιῦν,
1886 2132 1941 2189 ἤν
1967 2150 2015 2176 4τε
2050 2127 2163 2189 your}
2199 2132 2253 2189 ἤν

289 2231 335 2257 τε·
377 2210 507 2270 ἀνὴρ,
541 2215 617 2256 τὸν
648 2216 735 2269 μὲν
769 2212 914 2272 ἄνδρα
947 2211 1105 2271 ἄνδρες
1134 2241 1194 2246 —
1228 2240 1284 2245 -—
1317 2220 1551 2267 κτείνουσι,
1587 2241 1647 2246 ——
1681 2239 1755 2256 ——.
1792 2210 1847 2270 ἢν
1880 2214 1926 2256 δὲ
1962 2215 2074 2270 γυνὴ
2108 2215 2250 2270 κάμῃ,

289 2292 502 2342 (ὅσαύτως
549 2294 595 2337 αἳ
643 2321 703 2326 -
753 2297 958 2351 γυναῖκες
1002 2320 1065 2327 --
1104 2320 1167 2327 —
1210 2296 1397 2337 ποιεῦσι.
1462 2295 1525 2346 ΙΙΙ,
1569 2295 1669 2346 142,
1703 2293 1864 2338 τοσάδε
1897 2300 2054 2348 μέντοι
2089 2292 2252 2336 δικαιῶ

289 2381 426 2432 γέρεα
473 2372 687 2432 ἐμεωυτῷ
735 2375 967 2429 γενέσθαι,
1018 2373 1066 2417 ἐκ
1108 2380 1195 2429 μέν
1225 2388 1274 2429 γε
1309 2377 1396 2416 τῶν
1431 2376 1745 2432 Πολυκράτεος
1770 2376 2021 2432 χρημάτων
2054 2372 2254 2430 ἐξαίρετα

289 2456 338 2506 ἓξ
371 2454 564 2498 τάλαντά
595 2470 679 2510 μοι
713 2454 946 2510 γενέσθαι,
981 2454 1202 2512 ἱρωσύνην
1235 2453 1280 2496 δὲ
1316 2456 1429 2511 πρὸς
1458 2457 1654 2498 τούτοισι
1687 2454 1902 2511 αἱρεῦμαι
1937 2449 2060 2512 αύτῷ
2093 2459 2137 2497 τέ
2168 2469 2252 2508 μοι

290 2539 364 2578 καὶ
397 2538 512 2579 τοῖσι
546 2530 627 2577 ἀπ’
659 2533 769 2590 ἐμεῦ
803 2533 890 2578 αἰεὶ
923 2540 1216 2590 γινομένοισι.
1270 2534 1368 2579 Illud
1400 2534 1561 2578 τοσάδε·
1594 2562 1657 2569 —-
1692 2561 1750 2566 —
1787 2561 1848 2566 —
1881 2535 2112 2590 γενέσθαι,
2143 2534 2251 2594 quod

290 2615 453 2676 utrique
487 2615 669 2661 membro
701 2629 915 2661 commune
947 2630 1037 2660 esse
1068 2614 1249 2667 debebat,
1285 2615 1325 2659 in
1360 2614 1580 2676 posteriore
1613 2616 1808 2676 repetitur
1841 2630 1912 2676 per
1945 2615 2157 2674 αἱρεῦμαι
2196 2642 2254 2647 -

290 2723 353 2729 —-
386 2723 447 2729 —-
480 2722 541 2727 —
574 2702 870 2752 γινομένοισι.
905 2696 964 2740 De
996 2695 1061 2746 lv,
1102 2695 1169 2745 48,
1210 2696 1264 2738 49
1300 2696 1403 2739 infra
1429 2696 1504 2740 ,fiet
1536 2697 1734 2755 quaestio.
1802 2697 1868 2746 vl,
1906 2697 1977 2747 84,
2015 2721 2076 2726 —
2109 2702 2254 2738 συντί-

293 2778 482 2830 θεσθαι,
517 2775 579 2824 οἷς
604 2780 756 2834 χρεῶν
789 2779 856 2834 εἴη
891 2773 1047 2823 αὕτοῠς
1076 2780 1163 2830 μὲν
1195 2779 1292 2823 τούς
1324 2777 1515 2824 Σκύθας
1548 2803 1610 2809 —-
1644 2804 1703 2810 -—
1739 2781 1901 2834 πειρᾶν
1936 2803 1995 2809 —
2029 2776 2253 2832 ἐσβαλεῖν,

292 2866 430 2913 σφέας
463 2857 508 2900 δὲ
543 2859 643 2905 τούς
674 2857 960 2916 Σπαρτιήτας
990 2856 1188 2901 κελεύειν
1220 2884 1278 2889 -
1314 2851 1578 2914 ἀναβαίνειν
1611 2887 1687 2902 -.
1719 2858 1819 2904 Illud
1843 2860 2043 2902 κελεύειν
2065 2858 2105 2903 in
2128 2859 2254 2904 altero

290 2937 475 2983 membro
524 2935 742 2998 respondet
788 2936 1116 2982 antecedentibus
1158 2937 1467 2991 συντίθεσθαι,
1510 2936 1562 2981 (ὅ.
1600 2954 1644 2995 χ.
1696 2938 1728 2982 ἐ.
1797 2938 2001 2985 Accedant
2047 2938 2148 2990 VIII,
2200 2942 2246 2983 ll

291 3019 398 3074 init.;
435 3019 536 3071 Ylll,
580 3021 632 3062 19
644 3034 658 3073 ,·
691 3018 759 3070 lx,
804 3022 903 3064 106.
969 3018 1095 3078 Magis
1128 3016 1333 3061 abnormis
1366 3025 1428 3061 est
1464 3018 1564 3069 vill,
1608 3023 1708 3071 119,
1746 3018 1791 3062 ἐν
1824 3025 2009 3078 μυρίῃσι
2041 3019 2252 3077 γνώμῃσι

289 3107 406 3157 μίαν
455 3095 537 3144 οὗκ
586 3098 673 3156 ἔχω
724 3094 942 3154 ἀντίξοον,
987 3100 1055 3157 μή
1089 3094 1168 3143 οὔκ
1202 3094 1257 3140 ἄν
1289 3100 1473 3156 ποιῆσαι
1507 3101 1701 3157 βασιλέα
1734 3100 1923 3154 τοιόνδε,
1958 3102 2058 3149 τοῦς
2088 3102 2176 3155 μὲν
2207 3099 2256 3143 ἐκ

415 3193 529 3227 Lunds
556 3192 652 3227 Univ.
676 3183 853 3227 Rrsskrift.
899 3193 994 3227 Tom.
1020 3193 1057 3225 v.
2114 3195 2131 3225 7
