2941 3765
988 329 1037 362 De
1059 328 1268 362 anacoluthis
1291 328 1505 362 Herodoteis.
2163 307 2222 355 57

257 439 394 496 (vm,
442 439 540 495 46),
590 438 837 483 contrarium
879 446 1012 484 tamen
1059 439 1100 483 in
1132 444 1406 498 consequente
1437 437 1617 481 oratioue
1650 451 1770 497 saepe
1801 436 1908 481 latet.
1974 436 2046 480 Kr.
2080 436 2108 488 Ι,
2147 438 2220 487 69,

258 523 332 573 35,
370 523 419 576 33
455 521 501 572 ll,
539 523 611 572 69,
650 520 721 572 44,
760 520 808 577 43
843 521 973 566 Madv.
1007 525 1033 576 S
1073 524 1172 573 188,
1208 519 1302 565 adn.
1338 522 1378 571 5,
1413 534 1457 575 c3
1492 519 1571 565 Ku.
1605 523 1631 574 S
1667 518 1769 570 733,
1807 522 1847 569 6,
1884 517 1932 573 b;
1964 517 2089 572 Tin-S
2115 519 2219 570 3⁴2,

264 600 333 648 47.
400 600 464 646 ffit
512 615 677 662 quoque
717 615 1037 663 nonnumquam,
1082 608 1128 648 ut
1160 617 1211 646 ex
1244 600 1407 647 duobus
1438 599 1632 645 orationis
1664 597 1870 651 membris,
1905 613 2082 659 quorum
2114 598 2220 644 alte-

259 696 351 726 rum
393 696 466 742 per
506 688 553 724 τί
594 681 842 729 efferendum
875 689 973 733 erat,
1009 683 1179 728 alterum
1214 697 1285 743 per
1317 687 1408 735 καί,
1443 680 1538 725 illud
1571 687 1729 725 tantum
1763 680 1837 724 rite
1870 693 2112 739 expressum
2144 693 2220 723 oc-

257 769 410 814 currat,
444 762 521 806 hoc
553 770 688 807 autem
721 771 993 822 consequente
1026 771 1244 814 structura,
1279 777 1385 821 quae
1417 762 1470 805 ab
1504 761 1614 805 initio
1643 761 1818 811 deflexit,
1854 761 2048 804 obrutum
2071 761 2135 805 sit.
2161 788 2221 793 —

258 843 303 887 In
348 841 499 901 quibus
533 841 782 887 anacolutbis
815 858 866 888 ex
881 903 883 905 Ι
900 843 1038 887 eadem
1070 844 1233 903 periodo
1265 843 1438 887 alterum
1472 842 1700 887 membrum
1733 849 1913 901 repetere
1946 856 2027 885 non
2061 856 2220 901 semper

259 922 360 975 licet,
397 922 446 967 fit
479 923 598 975 enim,
634 929 680 969 ut
711 923 886 983 abrupta
918 924 1080 983 periodo
1113 923 1309 969 sententia
1341 922 1417 968 alia
1447 922 1624 974 demum,
1659 937 1765 983 quae
1798 922 1994 982 sequitur,
2029 936 2220 983 compre-

259 1004 452 1049 hensione
484 1003 721 1049 absolvatur
741 1005 802 1061 ⁷).

383 1086 517 1145 Atque
557 1084 730 1145 primum
770 1086 839 1129 fiat
886 1086 1034 1130 mentio
1066 1086 1255 1139 locorum,
1292 1087 1333 1131 in
1365 1087 1517 1148 quibus
1549 1085 1641 1131 talia
1675 1085 1915 1130 anacolutha
1948 1085 1989 1129 in
2020 1085 2220 1129 adversa-

257 1168 362 1212 tivas
409 1167 627 1226 particulas
674 1174 764 1221 μέν
811 1194 871 1200 -
918 1167 968 1209 δέ
1007 1168 1167 1218 cadunt,
1210 1169 1238 1218 1,
1289 1168 1329 1219 7,
1377 1169 1448 1212 fin.
1493 1167 1704 1226 ἄρξαντες
1734 1151 1821 1223 μὲνΓ
1852 1166 1922 1208 ἐπὶ
1956 1166 2036 1208 δύο
2070 1181 2110 1208 τε
2145 1169 2220 1207 καὶ

261 1248 402 1292 εἴκοσι
452 1249 610 1304 revees
656 1243 851 1307 ἀνδρῶν.
918 1247 1046 1308 Hujus
1079 1248 1246 1293 membri
1278 1250 1526 1295 contrarium
1560 1250 1619 1294 sic
1651 1249 1735 1294 fere
1767 1247 2102 1293 conformandum
2134 1254 2221 1291 erat

258 1329 581 1376 καταλυθέντες
613 1328 661 1370 δὲ
693 1323 811 1382 ame,-
844 1330 920 1373 hoc
954 1337 1088 1373 tamen
1120 1330 1161 1373 iu
1195 1338 1388 1390 sequente
1420 1332 1600 1375 oratione
1633 1330 1876 1380 continetur,
1911 1344 2017 1388 quac
2049 1328 2220 1372 conclu-

258 1409 367 1455 ditur
399 1409 528 1469 capite
568 1409 635 1461 44,
677 1411 767 1466 Τήν
798 1412 887 1465 μὲν
920 1408 975 1465 δή
1007 1410 1243 1467 τυραννίδα
1278 1407 1393 1454 οὕτω
1426 1411 1557 1467 ἔσχον
1589 1411 1631 1455 οἳ
1665 1410 1946 1467 Μερμνάδαι
1968 1411 2070 1457 τοῦς
2085 1407 2220 1466 Ἡρα-

259 1490 440 1539 κλείδας
471 1485 765 1545 ἀπελόμενοι.
824 1489 887 1540 ΠΙ,
932 1487 1030 1541 127,
1066 1489 1113 1533 ἐκ
1150 1494 1237 1546 μὲν
1269 1491 1325 1548 δή
1359 1494 1432 1549 τῆς
1463 1491 1593 1548 ἰθέης
1623 1493 1810 1549 στρατόν
1843 1489 1895 1533 ἐπ
1918 1486 1933 1504 ³
1966 1486 2103 1533 αὗτὸν
2137 1485 2218 1532 οὒκ

260 1569 412 1614 ἐδόκεε
457 1576 652 1625 πέμπειν
693 1596 768 1612 -.
815 1570 1138 1629 Exspectabatur
1171 1570 1482 1630 ἐμηχανήσατο
1516 1570 1564 1614 δὲ
1596 1569 1715 1624 τάδε,
1750 1570 1820 1614 sed
1854 1585 1912 1622 ea,
1949 1585 2054 1630 quae
2085 1569 2219 1613 inter-

257 1652 364 1710 jecta
413 1659 522 1702 sunt,
558 1650 791 1701 effecerunt,
827 1658 873 1695 ut
906 1652 1077 1710 scriptor
1108 1652 1219 1695 aliter
1251 1652 1465 1697 deduceret
1499 1651 1720 1695 orationem
1754 1654 1867 1710 πρὸς
1897 1654 2031 1693 ταῦτα
2064 1650 2119 1707 δὴ
2154 1646 2220 1693 (ὄν

261 1729 289 1774 o‘
322 1734 515 1790 Δαρεῖος
545 1729 648 1774 τάδε
681 1728 1009 1789 ἐμηχανήσατο.
1044 1733 1109 1784 lv,
1147 1732 1218 1784 74,
1253 1737 1326 1775 καὶ
1359 1731 1406 1785 ἐξ
1438 1729 1571 1789 αὗτῆς
1604 1734 1794 1789 Θρήϊκες
1824 1735 1912 1787 μὲν
1944 1737 2020 1775 καὶ
2054 1730 2222 1786 εἵματα

258 1813 484 1856 ποιεῦνται
530 1813 642 1855 τοῖσι
691 1810 880 1855 λινέοισι
930 1809 1188 1869 ὁμοιότατα.
1253 1811 1352 1857 Illud
1403 1820 1492 1869 μέν
1536 1813 1620 1872 jam
1662 1812 1825 1857 Reiskio
1866 1821 2103 1872 suspectum
2146 1810 2219 1854 Kr.

259 1891 587 1952 circumscripsit,
654 1890 714 1936 St.
757 1898 894 1937 autem
926 1899 966 1937 et
1000 1892 1076 1938 Ab.
1109 1892 1349 1939 intellectum
1384 1892 1525 1939 volunt
1558 1893 1634 1938 boc
1667 1892 1915 1939 contrarium
1950 1893 2139 1936 Σκύθαι
2173 1891 2222 1935 δὲ

260 1971 328 2027 οὔ,
377 1980 416 2017 et
466 1973 543 2017 Ab.
593 1986 687 2017 cum
731 1973 807 2017 hoc
848 1973 933 2017 loco
966 1974 1133 2019 contulit
1165 1975 1228 2026 lll,
1265 1977 1304 2026 3,
1340 1973 1444 2031 ἐμοὶ
1475 1976 1563 2030 μὲν
1597 1999 1657 2006 -—
1692 2000 1768 2028 —‚
1804 1973 1874 2018 sed
1908 1973 2018 2019 haud
2052 1973 2135 2018 scio
2167 1987 2220 2018 an

261 2054 336 2098 Lb.
370 2062 479 2098 recte
507 2054 756 2113 judicaverit,
794 2055 966 2099 alterum
998 2056 1224 2100 membrum
1257 2070 1308 2099 ex
1341 2055 1687 2114 consequentibus
1720 2055 1983 2115 repetendum
2017 2069 2128 2110 esse3
2152 2062 2222 2098 at-

258 2150 341 2194 que
387 2150 461 2195 ego
509 2134 672 2194 quidem
714 2144 825 2195 puto,
869 2133 1003 2178 ἄλλοι
1037 2136 1082 2178 δὲ
1118 2134 1171 2179 οὔ
1204 2136 1471 2196 significatum
1506 2136 1646 2179 saltem
1681 2151 1772 2179 esse
1803 2135 1972 2180 vocibus
2005 2131 2088 2178 οὐδ’
2104 2131 2119 2149 ³
2151 2133 2221 2189 ἄν,

260 2213 382 2264 ὅστις
428 2216 497 2272 μή
546 2218 685 2276 κάρτα
734 2218 902 2275 τρίβων
950 2218 1017 2274 εἴη
1069 2212 1209 2273 αὐτῆς,
1260 2216 1464 2274 διαγνυίη
1511 2243 1571 2249 --
1615 2224 1655 2261 et
1687 2216 1820 2277 paullo
1854 2215 1959 2260 infra
1991 2213 2041 2265 ὃς
2075 2215 2121 2259 δὲ
2155 2218 2222 2273 μὴ

366 2361 400 2407 ⁷)
427 2361 482 2397 De
519 2356 592 2409 μέν
625 2359 882 2402 confirmativo,
919 2360 1017 2407 quod
1049 2359 1341 2407 significationem
1373 2361 1509 2396 formae
1534 2357 1614 2412 μήν
1639 2361 1808 2404 servavit,
1836 2360 2014 2408 copiosius
2041 2360 2226 2407 disputare

258 2436 282 2459 a
320 2435 359 2459 re
400 2422 502 2458 nobis
535 2422 722 2471 proposita
755 2425 809 2458 est
841 2422 1009 2458 alienum.
1064 2421 1174 2469 Cujus
1209 2434 1293 2458 usus
1318 2426 1507 2470 praecepta
1533 2426 1571 2459 et
1597 2423 1761 2471 exempla
1787 2423 1949 2459 invenies
1974 2423 2077 2459 haec:
2104 2423 2167 2459 Kr.
2194 2423 2223 2466 Ι,

261 2486 324 2530 69,
366 2484 429 2529 35,
473 2484 517 2526 1;
553 2485 601 2528 11,
637 2483 700 2527 69,
736 2483 800 2528 44,
838 2482 959 2528 1-2;
994 2485 1038 2520 R.
1073 2490 1090 2529 ς
1118 2483 1204 2527 133,
1232 2484 1312 2520 adn.
1339 2483 1384 2528 2;
1414 2484 1482 2520 Ku.
1509 2490 1527 2528 ς
1553 2484 1653 2529 697;
1681 2474 1811 2522 matth.
1840 2491 1857 2530 ς
1884 2485 1973 2528 605,
2001 2485 2085 2528 fin.;
2113 2486 2181 2522 Th.
2207 2490 2225 2530 ς

260 2547 352 2594 302,
392 2548 476 2586 adn.
518 2546 563 2593 93
604 2548 650 2591 H,
686 2546 749 2591 20,
784 2541 888 2585 ἀλλὰ
922 2570 969 2575 -
997 2543 1091 2596 passv,-
1115 2547 1177 2591 ΙΠ,
1206 2545 1268 2591 67,
1295 2544 1351 2599 μὴ
1375 2544 1468 2596 μέν,·
1493 2548 1557 2591 ΙΠ,
1588 2546 1677 2593 133,
1706 2542 1730 2601 ἦ
1755 2546 1848 2598 μένς
1874 2548 1935 2592 IV,
1963 2546 2053 2591 205,
2082 2542 2128 2586 οὗ
2152 2545 2226 2596 μὲν

259 2608 371 2661 mide,-
410 2612 453 2656 V,
486 2609 549 2656 92,
579 2610 616 2655 5,
644 2610 683 2647 in
709 2610 844 2647 oraculi
870 2622 1051 2659 responso,
1082 2632 1130 2638 —
1156 2622 1200 2660 γε
1224 2606 1318 2659 μέν,·
1344 2610 1404 2654 VI,
1433 2609 1497 2655 98,
1524 2608 1595 2650 καὶ
1623 2634 1676 2641 -
1700 2609 1786 2661 μέν.
1839 2613 1964 2659 Neque
1990 2611 2120 2660 longus
2146 2623 2222 2648 esse

260 2676 343 2713 volo
383 2675 427 2711 de
459 2671 532 2724 μέν
566 2674 737 2717 solitario,
771 2675 872 2720 cujus
900 2673 1119 2710 contrarium
1146 2686 1191 2709 ne
1215 2677 1415 2721 permutata
1441 2674 1589 2721 quidem
1614 2678 1796 2711 structura
1819 2686 2025 2722 expressum
2051 2678 2117 2710 eet.
2169 2674 2225 2711 De

259 2750 332 2787 quo
366 2737 473 2774 adeas
499 2736 565 2773 Kr.
593 2736 621 2782 I,
650 2735 714 2782 69,
741 2735 804 2782 35,
833 2733 878 2782 2;
905 2735 1032 2774 Madv.
1060 2740 1077 2783 ξ
1106 2734 1193 2781 188,
1221 2735 1306 2773 adn.
1334 2734 1371 2781 5,
1400 2735 1443 2782 d3
1472 2736 1515 2774 R.
1542 2741 1560 2784 ξ
1588 2735 1676 2776 134.
1703 2736 1740 2783 6,
1768 2751 1801 2782 a,
1830 2750 1882 2782 cc,
1909 2738 1959 2787 β,·
1984 2737 2056 2775 Ku.
2082 2741 2101 2784 ξ
2129 2728 2224 2783 734,

260 2802 389 2837 Marth.
417 2805 436 2845 5
462 2799 552 2843 622,
582 2799 619 2835 6.
673 2800 851 2847 Exempla
874 2804 994 2836 autem
1020 2801 1129 2835 habes
1156 2796 1230 2847 μέν
1253 2800 1401 2835 solitarii
1427 2801 1474 2836 ad
1500 2813 1699 2849 pronomen
1725 2802 1911 2850 personale
1937 2801 2044 2848 positi
2062 2801 2141 2844 VII,
2160 2799 2223 2844 24,

254 2860 321 2910 Ὡς
358 2860 432 2912 μὲν
463 2858 535 2911 ἐμὲ
568 2859 894 2912 συμβαλλόμενον
932 2859 1139 2913 εὑρίσκειν.
1191 2862 1253 2905 IV,
1297 2861 1366 2907 16;
1396 2864 1492 2906 VIII,
1522 2864 1585 2908 66,
1622 2866 1835 2912 quibuscum
1863 2866 2025 2901 conferas
2055 2865 2131 2906 VII,
2161 2865 2223 2906 50,

262 2925 299 2970 1,
327 2921 454 2964 δοκέω
486 2922 561 2974 μὲν
601 2920 805 2975 οὖδαμῶς;
838 2925 1058 2963 contrarium
1086 2937 1168 2961 vero
1196 2924 1325 2961 diserte
1351 2925 1567 2974 exprimitur
1594 2927 1656 2972 IV,
1686 2927 1749 2972 42,
1778 2950 1826 2957 -
1856 2923 1948 2976 ἐμοὶ
1975 2922 2050 2975 μὲν
2074 2920 2121 2964 οὐ
2147 2940 2224 2964 πι-

261 2988 352 3034 στὰ,
381 2983 491 3037 ἄλλῳ
517 2984 563 3024 δὲ
589 2984 639 3038 δή
665 3000 743 3038 τεῳ
770 3009 820 3015 -
847 2992 884 3022 et
911 2988 953 3030 V,
983 2988 1052 3031 863
1079 2988 1124 3022 ad
1149 2999 1346 3034 pronomen
1373 2988 1697 3026 demonstrativum
1733 2992 1776 3033 V,
1805 2989 1868 3033 31,
1898 2992 2025 3026 ταῦτα
2052 2986 2126 3037 μὲν
2150 2986 2225 3038 γὰρ

260 3045 406 3089 δίκαια
447 3045 572 3101 ἡμέας
612 3046 705 3095 τοὺς
745 3045 917 3100 ἄγοντας
949 3046 1161 3099 παρέχειν;
1193 3048 1298 3085 aliter
1331 3050 1394 3093 III,
1425 3049 1514 3093 119,
1544 3048 1593 3090 El
1622 3051 1697 3101 μὲν
1722 3050 1771 3103 δή
1797 3065 1869 3099 μοι
1897 3049 2009 3089 διδοῖ
2034 3049 2227 3098 βασιλεὺς

261 3107 350 3157 ἑνὸς
374 3108 446 3163 τὴν
472 3108 609 3164 ψυχὴν,
638 3106 829 3163 αἱρέομαι
857 3107 902 3149 ἐκ
928 3107 1093 3149 πάντων
1118 3107 1188 3147 τὸν
1215 3104 1424 3163 ἀδελφεόν.

383 3195 499 3227 Lunds
523 3193 619 3227 Univ.
644 3185 820 3228 Arsskrist.
865 3195 962 3228 Tom.
989 3195 1025 3227 V.
1481 3217 1487 3221 -
2064 3196 2104 3230 12
