2941 3765
864 950 950 1020 De
993 947 1383 1020 anaeoluthjs.
1417 949 1777 1021 Herodoteis

844 1042 1123 1082 *Nm-“ff
1137 1070 1631 1207 commentatiof

1254 1185 1394 1233 scripsit

1329 1478 1382 1483 -—-
1406 1455 1445 1490 in
1471 1453 1683 1489 amoolutho
1708 1457 1745 1488 et
1771 1465 1895 1488 caussa
1921 1455 1958 1486 et
1983 1450 2109 1486 modus
2135 1453 2199 1485 est.

1522 1504 1671 1552 Madvig
1696 1505 1735 1540 in
1762 1504 1834 1540 cic.
1862 1503 1942 1540 Fin.
1969 1503 2015 1545 11,
2046 1500 2108 1545 12,
2136 1499 2200 1537 37.

335 1608 617 1705 'Herodotus,
641 1667 763 1714 quem
784 1660 942 1698 constat
964 1661 1126 1715 propter
1147 1654 1347 1714 egregiam
1370 1654 1473 1698 illam
1492 1668 1629 1699 rerum
1646 1654 1927 1713 factorumque
1944 1650 2305 1696 describendorum
2355 1667 2359 1669 ’

348 1733 591 1786 facultatem,
616 1748 697 1794 qua
719 1735 1037 1793 λογογράφους
1055 1734 1118 1780 vel
1139 1734 1359 1779 annalistas
1380 1735 1595 1794 superavit,
1620 1741 1829 1794 parentem
1852 1732 2042 1777 historiae
2063 1731 2307 1792 appellatum

273 1817 275 1819 ’
347 1830 449 1867 esse,
484 1814 572 1874 ipso
602 1828 764 1874 quoque
797 1828 992 1866 sermone,
1026 1815 1095 1875 qui
1126 1815 1232 1860 inter
1262 1814 1440 1859 lonicum
1473 1822 1510 1859 et
1546 1814 1725 1859 Atticum
1747 1815 1866 1873 quasi
1887 1814 1929 1857 in
1953 1812 2084 1858 medio
2106 1819 2182 1863 est,
2206 1811 2308 1855 adeo

348 1895 558 1957 praestitit,
603 1902 649 1941 ut
678 1895 719 1939 in
754 1910 897 1955 prosae
926 1895 1117 1940 orationis
1150 1895 1377 1955 scriptores,
1413 1910 1519 1955 quos
1549 1895 1719 1940 Graecia
1751 1895 1843 1940 tulit
1876 1909 2071 1945 summos,
2106 1908 2201 1938 eum
2234 1907 2307 1937 re-

348 1976 454 2021 ferre
497 1976 579 2035 jam
627 1976 810 2020 homines
841 1975 995 2035 antiqui
1027 1990 1109 2019 non
1140 1975 1409 2025 dubitaverint
1431 1978 1491 2033 ¹).
1557 1978 1692 2036 Atque
1724 1976 1765 2019 in
1798 1975 1923 2020 rebus
1955 1973 2171 2019 narrandis
2202 1988 2308 2034 quae

267 2094 274 2103 .
350 2057 520 2102 virtutes
566 2056 768 2101 Herodoto
808 2056 886 2100 sint
931 2056 1175 2108 tribuendae,
1217 2056 1283 2100 hic
1315 2072 1396 2100 non
1427 2057 1541 2102 loeus
1573 2063 1635 2100 est
1667 2057 1962 2116 persequendi3
1997 2057 2115 2116 cujus
2149 2056 2182 2099 si
2214 2056 2307 2115 quis

348 2137 630 2183 adumbratam
678 2137 892 2197 imaginem
935 2135 1144 2188 desideret,
1192 2152 1238 2181 ea
1286 2136 1414 2189 adeat,
1457 2153 1562 2196 quae
1595 2138 1669 2182 viri
1702 2138 1809 2182 docti
1844 2137 2073 2197 Lhardyus,
2113 2136 2305 2187 Steinius,

350 2215 574 2269 Abiehtius,
602 2216 665 2261 alii
690 2217 925 2263 attulerunt.
976 2215 1071 2261 Mihi
1085 2231 1182 2262 vero
1198 2217 1273 2262 lioc
1290 2222 1447 2262 tantum
1463 2232 1780 2263 commemorare
1798 2218 1923 2269 liceat,
1945 2216 2195 2263 Herodotum
2212 2216 2308 2262 illud

350 2303 534 2342 secutum
575 2312 676 2350 esse,
712 2306 758 2343 ut
790 2297 966 2358 lffientes
998 2296 1072 2349 vel,
1107 2304 1152 2342 ut
1184 2296 1332 2342 rectius
1364 2296 1506 2348 dicam,
1543 2298 1753 2343 audientes
1787 2312 1869 2342 non
1903 2297 2022 2342 modo
2055 2312 2161 2342 vera.
2183 2305 2308 2357 atque

349 2386 538 2423 accurata
569 2378 800 2423 narratione
831 2377 991 2422 doceret
1024 2377 1094 2421 sed
1126 2377 1244 2421 etiam
1275 2377 1399 2421 nitida
1430 2391 1478 2421 ae
1510 2385 1682 2422 venusta
1713 2378 1894 2422 oratione
1915 2378 2143 2422 delectaret.
2197 2378 2309 2422 Nitor

349 2465 486 2503 autem
533 2465 574 2503 et
621 2465 814 2503 venustas
865 2456 1073 2517 quaedam·
1093 2457 1297 2509 orationis,
1331 2471 1437 2517 quae
1468 2457 1510 2501 in
1542 2458 1654 2502 libris
1686 2458 1877 2502 Herodoti
1912 2459 2062 2518 ubique
2094 2458 2179 2503 fere
2210 2473 2308 2503 eer-

350 2545 518 2589 nuntur,
552 2552 603 2582 ex
635 2552 683 2582 eo
715 2537 928 2598 repetenda
960 2537 1157 2589 videntur,
1192 2537 1301 2598 quod
1333 2537 1560 2583 Herodotus
1592 2538 1631 2582 id
1664 2538 1918 2599 potissimum
1953 2539 2156 2585 scribendi
2176 2554 2309 2601 genus

351 2618 479 2679 elegit,
530 2633 612 2678 quo
659 2625 773 2679 gesta
820 2618 1027 2663 hominum
1060 2618 1273 2664 illustrium
1304 2617 1483 2679 aliasque
1516 2633 1582 2664 res
1613 2627 1931 2665 commemoratu
1961 2619 2107 2681 dignas
2138 2620 2309 2666 eandida

351 2698 601 2759 simplicitate
640 2706 680 2742 et
711 2698 951 2759 ambagibus
984 2698 1083 2743 artis
1115 2698 1333 2744 subtilioris
1364 2699 1529 2743 remotis
1561 2700 1798 2760 aequalibus
1830 2701 2086 2761 posterisque
2118 2702 2308 2746 traderet.

350 2779 465 2834 Quae
506 2779 708 2825 scribendi
750 2779 877 2824 forma
909 2779 961 2824 ad
992 2779 1148 2825 animos
1178 2779 1385 2825 hominum
1416 2779 1644 2825 alliciendos
1677 2782 1852 2826 maxime
1885 2783 2027 2827 idonea
2060 2784 2146 2840 fuit.
2181 2799 2308 2843 quum

459 2931 492 2977 ¹)
519 2931 696 2975 Quantam
722 2931 760 2966 in
786 2930 864 2978 ipsa
890 2929 1103 2978 antiquitate
1119 2931 1364 2967 auctoritatem
1381 2931 1587 2968 Herodotus
1603 2931 1781 2978 habuerit,
1800 2947 1913 2982 quum
1931 2935 2044 2970 multa
2062 2934 2311 2970 demonstrant
2349 2981 2352 2983 q

349 2997 426 3031 tum
465 2994 570 3031 haee:
611 2994 757 3042 Dionys.
792 2994 904 3031 Halic.
937 2993 982 3030 de
1015 2994 1174 3041 Thucyd.
1208 3006 1291 3042 pag.
1326 2992 1415 3038 865,
1449 3007 1495 3031 ex
1529 2996 1688 3033 editione
1723 2998 1935 3042 Reiskiana3
1970 2998 2105 3043 Athen„
2139 2999 2202 3041 111,
2229 3011 2308 3046 cap.

353 3055 415 3101 15,
449 3057 503 3094 ed.
539 3057 727 3102 Meineke3
761 3057 955 3105 Longinus,
993 3058 1047 3095 De
1071 3059 1163 3095 subl.
1191 3058 1288 3101 xm,
1317 3057 1353 3102 3,
1381 3082 1430 3088 —-
1455 3055 1777 3111 Ὁμηρικώτατος
1806 3077 1874 3106 -,·
1900 3062 2050 3106 Quintil.
2103 3062 2192 3098 Inst.
2220 3064 2310 3098 orat.

351 3118 416 3164 IX,
444 3119 482 3164 4,
512 3118 561 3156 16
587 3124 625 3156 et
653 3118 722 3165 18;
741 3119 796 3163 X,
827 3118 863 3164 l,
893 3119 980 3156 101.

474 3193 590 3225 Lunds
613 3191 708 3224 Univ.
733 3183 907 3225 ssrsskrist.
952 3192 1048 3225 Tom.
1074 3193 1110 3224 V.
2115 3200 2122 3206 ·
2170 3197 2188 3228 1
