2941 3765
633 332 692 378 24
1465 348 1498 382 S.
1523 349 1562 382 E.
1587 348 1770 382 Melander.

630 456 719 499 ἐστὶ
768 455 948 513 τοιήδε·
984 483 1044 488 -
1079 483 1134 488 -
1174 484 1232 488 -
1267 484 1326 489 —-
1363 454 1506 499 ε’σθίει
1558 452 1703 509 οὐδέν,
1753 472 1845 501 cum
1894 471 1976 515 quo
2017 470 2039 498 a
2082 452 2223 514 plurali
2265 451 2315 495 ad
2350 449 2595 510 singularem

632 537 805 581 transitu
847 536 1072 596 comparari
1115 543 1246 596 potest.
1280 537 1363 587 Vll,
1408 536 1506 587 197,
1543 563 1601 569 -
1637 536 1799 580 πολλοὶ
1834 545 1892 569 -“-
1929 537 2102 592 οἴχοντο
2136 560 2194 566 -
2230 559 2288 564 ——
2325 529 2596 574 ἁλίσκωνται

632 644 692 650 —-
727 644 786 649 —
826 619 981 659 θύεται
1018 644 1089 661 -.
1125 618 1266 676 Neque
1298 617 1446 661 desunt
1482 617 1565 667 loci,
1600 618 1668 661 ubi
1692 617 1927 678 pronomina
1949 617 2053 677 plur.
2077 614 2289 659 collectivis
2312 612 2472 664 numeri
2493 611 2595 670 sing.

632 699 915 758 respondeant,
961 706 1005 742 ut
1047 699 1273 757 personalia
1319 700 1365 748 V,
1404 702 1475 748 21,
1511 726 1572 732 ——
1606 699 1778 755 ζήτησις
1809 725 1870 730 —-
1903 697 2081 752 ἐγίνετο,
2116 702 2196 738 καί
2225 710 2364 749 σφεας
2388 690 2596 743 Ἀλέξαν-

633 780 741 840 ὄρος
788 780 1005 835 κατέλαβε
1057 785 1207 836 σοφίῃ.
1274 780 1338 830 Vl,
1384 779 1455 830 76,
1502 806 1562 811 —-
1605 780 1810 837 στρατιὴν
1844 806 1903 812 --
1937 791 2077 834 σφεας
2107 804 2181 821 -.
2217 775 2283 827 vl,
2321 777 2392 825 91,
2429 801 2487 807 -
2522 774 2598 816 τοῦ

633 861 784 919 δήμου
828 889 886 895 —
931 875 1070 916 σφεας
1110 889 1184 905 -.
1228 861 1311 911 Vll,
1366 864 1431 913 «10,
1471 863 1509 911 5,
1547 887 1607 892 -—
1641 862 1822 919 στρατός
1853 886 1914 892 -—
1948 873 2026 913 σφι
2062 874 2142 914 -;
2179 855 2494 902 demonstrativa
2528 854 2593 905 lv,

639 943 737 992 ΜΟ,
790 939 1043 997 ἐντυχοῦσαι
1095 940 1140 982 δὲ
1184 939 1345 998 πρώτῳ
1390 941 1685 999 ἱπποφορβίῳ
1726 942 1849 983 τοῦτο
1892 937 2160 997 διήρπασαν,
2204 941 2277 980 καὶ
2318 935 2387 979 gaz
2429 934 2597 977 τούτων

633 1021 935 1077 ἱππαζόμεναι
971 1018 1192 1077 ἐληΐζοντο
1227 1023 1277 1064 rc?
1312 1024 1399 1064 τῶν
1432 1022 1673 1064 Σκυθέων.
1731 1021 1777 1072 V,
1815 1022 1886 1071 92,
1925 1022 1964 1070 2,
2003 1014 2056 1077 ἦν
2088 1014 2340 1077 ὀλιγαρχίη,
2371 1019 2446 1059 καὶ
2478 1008 2596 1058 οὗτοι

632 1127 694 1134 -
728 1127 786 1133 -
823 1129 884 1133 -
934 1100 1098 1156 ε”νεμον
1144 1103 1223 1157 τὴν
1273 1103 1420 1144 πόλιν.
1472 1101 1555 1152 ΥΠ,
1608 1104 1704 1152 156,
1741 1128 1802 1134 —
1835 1103 1910 1144 τόν
1944 1126 2005 1132 ——
2040 1099 2189 1156 δῆμον
2224 1100 2312 1140 τῶν
2343 1100 2597 1153 ΆΙεγαρέων

633 1178 714 1225 οὔκ
747 1181 876 1226 ἐόντα
909 1187 1137 1237 μεταίτιον
1159 1207 1221 1212 -
1244 1207 1305 1213 -
1329 1178 1431 1224 οῦδὲ
1455 1181 1824 1240 προσδεκόμενον
1848 1207 1907 1213 -
1932 1207 1989 1212 —-
2016 1177 2204 1237 ιῖγαγοὶν
2226 1182 2299 1221 καὶ
2323 1177 2500 1224 τούτους
2521 1190 2595 1228 -3

634 1262 796 1306 relativa
838 1263 883 1311 ΙΙ,
923 1265 993 1311 51,
1032 1288 1091 1293 -
1125 1262 1266 1316 λόγον
1299 1288 1358 1293 --
1393 1286 1469 1313 -,
1504 1264 1556 1304 tc?
1591 1289 1649 1294 ——
1686 1288 1742 1292 —
1779 1261 2040 1317 δεδήλωται.
2106 1260 2177 1303 Hic
2212 1259 2463 1317 singulorum
2497 1256 2597 1299 ratio

629 1343 815 1393 habetur,
853 1356 957 1400 quae
991 1342 1031 1384 in
1066 1356 1162 1386 voce
1195 1342 1338 1397 λόγον
1372 1341 1517 1396 latent3
1552 1343 1658 1386 iiber
1690 1343 1844 1386 welche
1877 1342 2032 1396 Diome.
2066 1340 2138 1384 Kr.
2189 1341 2254 1390 lv,
2283 1342 2321 1390 3,
2348 1363 2410 1370 —-
2434 1335 2596 1392 νεότης,

630 1424 676 1466 οἳ
710 1450 783 1466 -.
819 1422 866 1473 V,
905 1424 975 1473 23,
1013 1418 1179 1477 ὅμιλός
1214 1437 1253 1464 τε
1288 1421 1459 1470 πολλός
1488 1417 1765 1479 ,ιιὲνἝλλην
1798 1427 2051 1480 περιοικέει,
2084 1420 2259 1468 πολλός
2280 1418 2325 1462 δὲ
2349 1418 2597 1476 βάρβαρος,

632 1504 676 1546 οἳ
718 1529 776 1535 -
812 1530 872 1535 -
914 1502 1152 1560 ποιήσουσι
1196 1504 1337 1558 —⁹).
1404 1502 1528 1546 Aliter
1561 1509 1821 1562 comparatus
1854 1510 1913 1545 est
1951 1502 2033 1553 Vll,
2071 1505 2142 1552 36,
2179 1503 2232 1543 τα
2264 1501 2390 1543 λίνεα
2423 1495 2597 1553 (ὅπλα),

630 1586 706 1626 τοῦ
741 1610 815 1626 -.
851 1583 912 1625 Fit
947 1583 1078 1633 etiam,
1116 1590 1160 1625 ut
1193 1582 1357 1641 pluralis
1392 1583 1585 1642 participii
1619 1583 1669 1625 ad
1705 1583 1850 1642 singul.
1885 1582 2065 1630 ἕκαστος
2097 1582 2306 1631 referatur,
2343 1581 2371 1630 l,
2419 1582 2510 1628 169,
2537 1604 2595 1609 -

632 1663 791 1723 ἄνδρες
840 1663 1044 1720 ἐγένοντο
1096 1658 1266 1718 ἀγαθοὶ
1316 1670 1415 1722 περὶ
1463 1667 1537 1720 τῆς
1577 1662 1742 1707 ἑωυτοῦ
1782 1663 1962 1711 ἕκαστος
2000 1664 2259 1719 μαχόμενοι
2283 1665 2339 1715 ι),
2383 1661 2452 1720 qui
2486 1659 2598 1704 locus

633 1743 866 1791 conseratur
915 1759 1009 1790 cum
1059 1743 1085 1796 l,
1133 1741 1205 1796 87,
1253 1771 1309 1776 —
1353 1739 1453 1804 ὥρα
1486 1743 1629 1788 πάντα
1661 1746 1749 1802 μὲν
1782 1740 1928 1804 ἄνδρα
1962 1742 2206 1802 σβεννύντα
2241 1743 2289 1787 τό
2323 1742 2426 1801 πῦρ,
2461 1739 2598 1785 δυνα-

633 1833 800 1882 μένους
844 1823 890 1868 δὲ
935 1820 1076 1868 οὐκέτι
1118 1825 1400 1882 καταλαβεῖν.
1466 1824 1615 1869 Eodem
1650 1826 1731 1869 lere
1766 1826 1884 1871 modo
1919 1825 2082 1886 pluralis
2116 1824 2308 1886 participii
2329 1822 2515 1868 'refertur
2548 1820 2598 1865 ad

635 1906 879 1966 singularem
914 1906 1157 1949 substantivi
1191 1906 1393 1956 collectivi,
1434 1907 1515 1957 Vll,
1566 1907 1633 1956 40,
1672 1909 1851 1965 στρατός
1883 1912 2108 1948 παντοίων
2141 1904 2317 1947 ἐθνέων
2340 1901 2521 1959 ἀναμὶξ,
2547 1898 2599 1944 οὗ

634 1987 986 2045 διακεκριμένοι.
1040 1987 1140 2036 Vlll,
1169 1988 1241 2035 28,
1272 1989 1418 2028 Ταῦτα
1440 1993 1527 2040 μέν
1551 2002 1627 2028 νυν
1650 1989 1725 2028 τόν
1748 1990 1881 2037 πεζόν
1904 1986 2151 2043 ἐργάσαντο
2177 1987 2263 2027 τῶν
2286 1984 2533 2028 Θεσσαλῶν
2556 1983 2599 2025 οἳ

634 2069 827 2118 φωκέες,
862 2065 1210 2124 πολιορκέοντας
1242 2065 1506 2121 ἕωυτούςῖ),
1543 2074 1581 2109 et
1614 2065 1664 2109 ad
1699 2066 1940 2126 singularem
1975 2065 2075 2110 alius
2108 2064 2312 2125 participii,
2347 2063 2456 2123 quod
2490 2078 2597 2107 neu-

634 2147 738 2190 trius
772 2153 833 2189 est
866 2145 1027 2205 generis
1061 2153 1100 2188 et
1133 2145 1378 2188 collectivam
1413 2146 1492 2190 vim
1527 2146 1660 2195 habet,
1697 2147 1768 2189 Kr.
1803 2146 1830 2196 Ι,
1872 2147 1940 2195 43,
1982 2146 2019 2195 4,
2062 2145 2129 2190 17.
2164 2146 2191 2195 Ι,
2229 2145 2301 2195 97,
2328 2146 2528 2192 Πλεῦνος
2550 2143 2596 2186 δὲ

635 2229 720 2271 αἰεὶ
770 2233 1016 2283 γινομένου
1068 2229 1146 2267 τοῦ
1196 2224 1534 2280 ἐπιφοιτέοντος,
1579 2224 1655 2268 οἷα
1696 2229 2062 2280 πυνθανομένων
2102 2251 2173 2275 ——,
2217 2233 2255 2267 et
2288 2225 2599 2283 adsubjectum

635 2307 759 2359 verbi,
795 2306 904 2367 quod
938 2313 1000 2349 est
1034 2305 1191 2350 numeri
1225 2305 1328 2365 sing.
1362 2305 1428 2357 lv,
1468 2309 1539 2357 65,
1574 2335 1636 2339 -—
1659 2312 1924 2366 παραφέρει,
1949 2309 2022 2350 καὶ
2046 2303 2239 2361 ἐπιλέγει
2262 2333 2323 2338 ——
2345 2333 2418 2356 —‚
2444 2303 2600 2362 ταύτην

636 2386 952 2449 ἀνδραγαθίην
984 2387 1198 2443 λέγοντες,
1233 2403 1328 2432 nam
1363 2388 1486 2433 verba
1520 2387 1582 2433 illa
1617 2405 1721 2447 παρ.
1757 2396 1795 2433 et
1829 2386 1944 2431 ε’πιλ.
1978 2386 2027 2431 ad
2062 2386 2289 2446 complures
2322 2386 2537 2446 pertinent.

749 2469 992 2514 Occurrunt
1043 2469 1161 2513 etiam
1204 2468 1288 2520 loci,
1333 2469 1400 2514 ubi
1442 2477 1533 2530 post
1576 2469 1739 2514 nomina
1784 2476 1986 2514 terrarum
2020 2474 2143 2527 atque
2176 2445 2339 2512 urbium
2374 2474 2601 2527 sequuntur

636 2563 756 2593 voces
805 2549 954 2592 incolas
1004 2549 1291 2607 significantes.
1359 2549 1430 2593 Kr.
1476 2552 1503 2601 l,
1543 2553 1614 2601 58,
1656 2551 1692 2600 4,
1732 2552 1772 2594 2.
1840 2548 1928 2593 Huc
1960 2548 2162 2607 pertinent
2197 2548 2260 2597 lll,
2304 2551 2399 2597 143,
2437 2575 2496 2580 -
2529 2550 2604 2603 τῆς

631 2625 839 2689 Ἀραβίης
872 2657 931 2663 —-
967 2658 1027 2663 —-
1062 2635 1146 2685 σφί
1175 2657 1248 2674 -.
1283 2630 1348 2681 lv,
1388 2631 1457 2681 43,
1494 2660 1555 2664 —
1587 2632 1816 2688 Αἴγυπτον
1849 2659 1910 2664 -
1933 2630 2056 2688 παρὰ
2078 2628 2248 2672 τούτων
2270 2657 2343 2673 —-.
2369 2629 2415 2680 V,
2444 2632 2515 2680 63,
2542 2657 2604 2662 —

745 2820 779 2862 9)
809 2817 865 2853 Sic
906 2818 980 2852 fere
1014 2816 1110 2862 apud
1144 2817 1291 2852 Latinos
1326 2817 1399 2853 Cic.
1427 2831 1482 2864 pr.
1513 2819 1619 2854 Arch.
1649 2818 1710 2861 12,
1741 2818 1802 2861 31,
1829 2840 1877 2847 —
1908 2821 1960 2854 est
1986 2828 2024 2854 eo
2050 2826 2212 2858 numero,
2238 2817 2303 2860 qui
2330 2840 2381 2844 —
2406 2839 2456 2845 —
2482 2818 2603 2854 sancii

636 2883 727 2918 sunt
752 2879 870 2917 habiti
897 2881 1005 2925 atque
1031 2876 1139 2923 dieu,-
1174 2878 1216 2915 de
1244 2878 1311 2916 Off.
1340 2879 1368 2923 Ι,
1398 2878 1460 2925 34,
1491 2878 1585 2926 122,
1615 2880 1715 2919 Caes.
1752 2882 1798 2918 D.
1826 2880 1867 2918 B.
1897 2879 1940 2918 G.
1968 2879 1996 2923 I,
2027 2876 2098 2923 153
2127 2877 2170 2914 D.
2196 2876 2236 2913 B.
2263 2876 2304 2914 C.
2333 2878 2394 2923 III,
2424 2877 2494 2923 93,
2522 2878 2603 2916 Liv.

636 2942 788 2985 XXXV,
818 2940 853 2976 3.

744 3007 778 3051 ¹)
806 3006 880 3041 Cfr.
911 3005 990 3041 Liv.
1019 3005 1084 3048 IX,
1115 3004 1177 3048 14,
1208 3026 1252 3032 —
1274 3016 1347 3050 pro
1373 3017 1411 3043 se
1438 3009 1592 3052 quisque
1618 3029 1670 3036 -—
1696 3030 1746 3036 —
1774 3030 1825 3036 —-
1851 3010 2103 3050 memorantes,
2129 3008 2286 3043 caedunt
2313 3028 2362 3033 —
2390 3028 2449 3041 -.

746 3068 777 3114 ²)
806 3067 880 3104 cfr.
926 3067 1004 3103 Liv.
1044 3067 1073 3111 Ι,
1116 3065 1179 3110 41,
1214 3068 1348 3105 clamor
1383 3069 1469 3106 inde
1502 3081 1772 3117 concursusque
1803 3070 1936 3116 populi
1976 3069 2205 3112 mirantium,
2232 3068 2324 3114 quid
2348 3068 2402 3105 rei
2430 3070 2528 3110 esset,
2561 3066 2604 3102 de

639 3143 711 3179 quo
739 3131 816 3167 loco
843 3130 1174 3167 Weissenbornium
1201 3130 1318 3166 adeas.
