2941 3765
666 308 724 352 2ss
1501 326 1533 357 S.
1561 326 1599 357 E.
1624 327 1809 358 Melander.

786 432 1020 491 Sequantur
1064 432 1149 482 loci,
1201 433 1269 475 ubi
1319 434 1558 492 pronomina
1607 437 1731 487 σφεῖς
1777 441 1816 476 et
1864 436 2074 489 σφέτερος
2120 428 2171 473 ad
2222 443 2350 473 unum
2399 428 2632 475 referuntur

666 512 819 554 ratione
868 512 1003 555 habita
1054 514 1190 564 totius,
1243 516 1359 572 cujus
1406 514 1458 565 id,
1508 514 1558 557 de
1607 529 1688 573 quo
1736 514 1880 572 agitur,
1932 527 2028 572 pars
2076 518 2156 555 est.'
2216 511 2287 554 Kr.
2337 511 2365 562 l,
2403 513 2474 562 58,
2514 511 2552 562 4,
2589 514 2630 555 3.

663 593 742 645 Qui
784 592 857 635 loci
900 603 1018 637 sunt:
1064 595 1130 644 lv,
1173 596 1242 644 43,
1279 623 1339 627 -—
1373 595 1497 650 ἔλεγε
1535 598 1621 649 φας
1653 620 1713 625 -
1747 591 2023 650 ἀνθρώπους
2055 618 2114 623 -
2147 592 2444 650 παραπλιόειν
2477 617 2536 623 -
2572 594 2631 644 οἳ,

665 667 785 722 ὅκως
825 677 950 727 σφεῖς
990 681 1260 730 καταγοίατο
1304 678 1353 733 τῇ
1399 675 1484 731 νηῒ,
1520 677 1766 729 φεύγεσκον
1798 700 1872 716 -.
1909 673 1973 723 vl,
2012 671 2083 722 78,
2118 673 2308 715 Μαθαῖν
2341 671 2388 715 δὲ
2422 670 2450 715 ὅ
2486 674 2632 715 Κλεο-

664 760 804 810 μένης
836 756 1069 802 ποιεῦντας
1102 757 1200 803 τοιῗς
1224 752 1445 814 Ἀργείους
1476 754 1630 798 ὁκοῖόν
1664 770 1700 796 τι
1734 752 1761 796 ὁ
1794 760 2004 810 σφέτερος
2034 754 2174 810 κῆρυξ
2197 754 2425 809 σημήνειε,
2449 769 2630 812 παραγ-

665 835 817 889 γέλλει
851 861 928 877 ——-.

790 915 855 958 Fit
902 915 1034 964 etiam,
1080 922 1123 957 nt
1164 929 1243 958 vox
1284 915 1476 973 adjectiva
1508 914 1556 957 ad
1592 913 1894 958 substantivum
1928 911 2171 956 antecedens
2205 920 2369 971 spectet,
2404 913 2513 972 quod
2549 927 2631 959 non

666 1008 907 1052 expressum
959 1002 1019 1037 est
1070 994 1139 1037 scd
1182 994 1220 1037 in
1264 995 1525 1053 praecedente
1557 993 1751 1052 adjectivo
1783 993 1807 1036 Ι.
1842 993 1967 1037 verbo
1999 993 2241 1037 continetur.
2308 992 2379 1036 Kr.
2413 994 2441 1043 1,
2481 993 2550 1044 43,
2589 996 2629 1044 3,

679 1076 749 1127 ¹23
792 1074 838 1124 ΙΙ,
887 1074 956 1124 43,
1004 1077 1042 1124 3,
1089 1076 1136 1123 7;
1173 1074 1312 1117 Matth.
1349 1079 1372 1128 S
1412 1075 1512 1118 43³5.
1580 1073 1787 1133 Ejusmodi
1821 1082 1918 1118 sunt
1952 1075 1997 1124 ΙΙ,
2035 1076 2107 1124 65,
2137 1069 2297 1116 Ἔοῦσα
2331 1072 2377 1115 δὲ
2411 1073 2634 1129 Αἴγυπτος

668 1150 868 1213 ὅμουρος
918 1157 968 1210 τῇ
1016 1155 1161 1210 Λιβύῃ
1212 1150 1264 1197 οὗ
1297 1157 1425 1209 μάλα
1471 1154 1704 1211 θηριώδης
1744 1154 1837 1197 ἐστί
1852 1170 1862 1180 ·
1911 1157 1960 1197 τα
1994 1154 2040 1196 δὲ
2076 1153 2203 1197 ἐόντα
2235 1167 2314 1207 σφι
2348 1150 2522 1196 ἅπαντα
2555 1153 2631 1212 ἱροὶ

669 1236 940 1290 νενόμισται.
1005 1233 1101 1279 Illud
1157 1237 1207 1278 τα
1256 1235 1383 1279 ἐόντα
1427 1235 1586 1295 respicit
1622 1237 1777 1292 θηρία,
1811 1236 1919 1295 quod
1954 1235 1994 1278 in
2027 1235 2223 1294 adjectivo
2259 1233 2492 1291 θηριώδης
2523 1234 2630 1278 latet.

671 1316 737 1367 lv,
787 1316 878 1366 194,
914 1343 975 1348 —
1008 1317 1407 1372 πιθηκοφαγέουσι
1429 1332 1439 1343 ·
1475 1318 1516 1360 οἳ
1551 1317 1601 1358 δέ
1632 1331 1711 1371 σφι
1746 1315 1949 1371 ἄφθονοι
1973 1312 2073 1359 ὅσοι
2097 1314 2143 1358 ἐν
2166 1317 2278 1357 τοῖσι
2303 1312 2455 1372 οὔρεσι
2477 1320 2631 1371 γίνον-

672 1411 754 1438 ται.
822 1395 890 1438 Hic
933 1396 1108 1444 verbum,
1143 1399 1539 1452 πιθηκοφαγέουσι
1582 1419 1624 1432 =
1667 1398 1891 1453 πιθήκους
1923 1395 2142 1438 ἐσθίουσι.
2210 1395 2291 1445 Vll,
2330 1394 2401 1446 34,
2438 1422 2496 1427 —
2532 1393 2632 1450 ἐγε-

672 1477 841 1534 φύρουν
882 1502 941 1508 -
974 1502 1035 1508 -
1076 1478 1154 1533 την
1195 1479 1283 1531 μὲν
1316 1478 1577 1519 λευκολίνου
1614 1503 1686 1530 —,
1722 1478 1798 1533 την
1830 1471 1875 1518 δ’
1908 1474 2059 1535 ἑτέρην
2091 1478 2170 1533 τήν
2201 1475 2422 1532 βυβλίνην
2455 1502 2528 1526 -,
2564 1473 2634 1518 ubi

671 1556 841 1599 verbnm
875 1554 1120 1612 ἐγεφύρουν
1155 1577 1197 1590 --
1230 1555 1430 1614 γεφύρας
1461 1555 1735 1611 ἐζεύγνυσαν.
1790 1555 1938 1600 Durior
1971 1563 2034 1599 est
2066 1556 2164 1599 haec
2198 1563 2404 1599 structura
2437 1556 2521 1607 Vll,
2559 1557 2631 1604 36,

671 1635 754 1678 init.
821 1635 920 1678 Nam
971 1637 1046 1684 τιὲς
1093 1634 1138 1678 δὲ
1188 1633 1323 1679 ἄλλοι
1366 1632 1664 1696 ἀρχιτέκτονες
1694 1634 1955 1693 ἐζεύγνυσαν
1990 1635 2149 1696 scripsit
2181 1636 2410 1681 Herodotus
2443 1636 2493 1681 de
2527 1635 2632 1681 sub-

671 1716 854 1766 stantivo,
891 1717 999 1774 quod
1034 1725 1094 1759 est
1129 1723 1319 1774 γέφυρα,
1354 1716 1549 1775 cogitans,
1584 1716 1781 1759 antecedit
1812 1724 1957 1765 autem,
1994 1731 2081 1776 cap.
2118 1720 2189 1768 355,
2224 1719 2339 1768 ζεύξι
2361 1718 2421 1772 ⁶).

794 1796 882 1839 Vox
928 1797 1092 1855 pluralis
1134 1797 1290 1841 numeri
1333 1812 1479 1840 nomen
1529 1797 1632 1854 sing.
1683 1798 1838 1840 numeri
1888 1797 2181 1856 praepositione
2227 1799 2344 1852 μετά
2382 1811 2475 1840 cum
2508 1797 2633 1839 altero

669 1877 929 1934 conjunctum
964 1877 1124 1936 respicit.
1158 1878 1274 1936 quasi
1308 1876 1585 1920 antecedentia
1619 1876 1681 1919 ina
1715 1877 1875 1920 nomina
1911 1878 2103 1937 particula
2126 1883 2206 1920 καί
2223 1877 2327 1921 inter
2350 1892 2394 1920 se
2416 1877 2630 1936 conjuncta

669 1965 817 2001 essent.
886 1956 956 2001 Kr.
991 1958 1019 2008 l,
1057 1961 1128 2008 63,
1169 1959 1207 2009 4,
1247 1962 1287 2002 3.
1352 1958 1482 2016 Cujus
1516 1965 1747 2001 structurae
1782 1973 1907 2003 unuin
1931 1958 2037 2018 apud
2060 1957 2307 2002 Herodotum
2331 1957 2464 2002 inveni
2488 1973 2632 2001 exem-

669 2037 798 2097 plum:
833 2038 896 2088 ΙΙΙ,
941 2038 1007 2088 ΙΙ,
1046 2065 1103 2070 —
1139 2040 1214 2081 τόν
1246 2037 1386 2081 παῖδα
1420 2036 1593 2094 ἔπεμπε
1626 2034 1728 2094 μετ’
1760 2035 1917 2081 ἄλλων
1945 2037 2201 2096 Αἰγυπτίων
2234 2037 2465 2095 δισχιλίων
2488 2063 2547 2071 —
2572 2063 2631 2071 -—

670 2144 729 2149 —
765 2145 822 2150 —
859 2118 1127 2174 δεδεμένους
1157 2123 1232 2161 καὶ
1267 2146 1329 2152 -
1361 2119 1806 2176 ἐγκεχαλινωμένους
1824 2122 1884 2175 ⁷).

794 2199 1056 2244 Inveniuntur
1106 2216 1269 2259 quoque
1318 2200 1425 2259 apud
1469 2200 1716 2244 Herodotum
1750 2201 1929 2260 exenipia
1964 2199 2289 2250 constructionis,
2324 2214 2446 2258 quam
2481 2202 2634 2255 σχῆμα

669 2278 949 2339 Πινδαρικόν
983 2280 1006 2325 Ι.
1044 2284 1260 2325 Βοιώτιον
1293 2282 1606 2342 appellaverunt.
1655 2281 1826 2326 Duobus
1859 2281 1964 2325 enini
1999 2281 2094 2325 locis
2128 2280 2342 2339 singuiaris
2375 2280 2485 2325 verbi
2511 2294 2633 2339 prae-

669 2361 839 2405 mittitur
874 2361 1054 2420 subjecto
1089 2364 1245 2406 numeri
1279 2364 1382 2422 plur.
1418 2372 1456 2406 vt
1488 2364 1649 2422 generis
1684 2378 1807 2406 masc.
1874 2362 1945 2405 Kr.
1980 2362 2007 2411 Ι,
2046 2365 2117 2411 63,
2157 2360 2195 2411 4,
2237 2361 2284 2415 43
2320 2362 2366 2411 ΙΙ,
2405 2364 2476 2412 63,
2514 2364 2553 2411 3,
2595 2361 2633 2404 4.

668 2442 751 2485 Cfr.
805 2443 946 2485 Matih.
996 2447 1021 2495 §
1074 2446 1177 2485 303.
1247 2443 1361 2487 [nus
1413 2444 1523 2487 iocus
1565 2452 1627 2487 est
1669 2445 1697 2493 Ι,
1744 2446 1815 2492 26,
1852 2443 1938 2485 ἔστι
1974 2445 2020 2485 δὲ
2054 2444 2221 2497 ,ιιεταξῠ
2256 2444 2330 2498 τῆς
2362 2457 2403 2484 τε
2438 2442 2634 2498 παλαιῆς

670 2524 830 2571 πόλιος
877 2550 937 2556 -
987 2551 1047 2556 -
1083 2551 1143 2556 -—
1193 2529 1268 2567 καὶ
1310 2527 1383 2567 τοῦ
1426 2526 1535 2581 νηοῦ
1576 2523 1686 2566 ian?
1725 2524 1911 2577 στάδιοι,
1946 2523 2045 2566 aiter
2091 2523 2169 2573 Vll,
2209 2522 2280 2573 34,
2319 2522 2408 2565 ἔστι
2443 2522 2488 2565 δὲ
2524 2522 2634 2565 ἑπτὰ

670 2603 842 2646 στάδιοι
887 2602 934 2655 ἐξ
969 2600 1168 2660 Ἀβύδου
1209 2602 1251 2651 ἐς
1282 2605 1360 2661 την
1394 2599 1620 2647 ἀπαντίον.
1685 2604 1810 2648 Recte
1842 2603 1903 2648 St.
1940 2603 2166 2663 subjectum
2199 2604 2247 2647 τὸ
2280 2604 2461 2660 μεταξύ,
2496 2600 2631 2647 Schw.

670 2691 707 2724 et
743 2683 814 2741 Sg.
852 2685 896 2724 τό
932 2683 1158 2739 διάστημα
1190 2684 1450 2726 substituisse
1484 2683 1682 2735 videntur,
1718 2684 1790 2727 cfr.
1826 2685 1871 2735 ΙΙ,
1911 2688 1936 2727 6
1973 2683 2058 2727 init.

777 2797 809 2841 ε)
837 2796 910 2831 cfr.
942 2797 1045 2832 Hom.
1073 2797 1114 2832 11.
1144 2797 1207 2838 1x‚
1238 2795 1456 2838 383-384,
1486 2796 1675 2848 ‹eff-,stam
1704 2795 1752 2834 αἵ
1779 2792 1826 2834 θ’
1854 2791 2131 2845 ἑκατόμπυλοί
2157 2790 2253 2842 εἱσι,
2289 2791 2491 2847 διηκόσιοι
2520 2790 2561 2833 δ’
2590 2789 2635 2833 ἅ-

672 2872 690 2895 ν
706 2855 716 2869 '
744 2855 919 2904 ἑκάστας
945 2854 1080 2909 ἀνέρες
1104 2856 1317 2906 ἐξοιχνεῦσι
1350 2881 1411 2896 -«.
1438 2859 1494 2895 Sic
1519 2859 1676 2901 Faesius,
1706 2859 1852 2895 Crusius
1878 2855 2060 2910 ἑκάστην.

777 2923 809 2967 7)
838 2923 878 2957 In
906 2935 1067 2957 sermone
1094 2922 1224 2957 Latino
1250 2923 1334 2958 haec
1361 2928 1538 2958 structura
1565 2928 1616 2958 est
1640 2924 1872 2969 frequentior.
1921 2923 2000 2960 Vid.
2027 2922 2243 2969 Zumptium‚
2272 2922 2392 2958 Gram.
2412 2922 2489 2957 Lat..
2508 2927 2525 2966 ξ
2544 2921 2633 2959 375.

671 2985 748 3021 Liv.
792 2985 890 3028 xxl,
933 2985 996 3028 60,
1041 3009 1087 3013 -—
1124 2986 1199 3031 ipse
1232 2986 1307 3020 dm·
1340 2997 1420 3022 cum
1453 2987 1592 3031 aliquot
1620 2987 1858 3032 principibus
1891 2986 2112 3032 capiuntur3
2146 2985 2173 3028 Ι,
2211 2984 2281 3029 59,
2309 2985 2420 3029 XLII,
2448 2983 2521 3029 203
2549 2986 2632 3020 Ter.

670 3049 798 3083 Heaut.
829 3049 890 3091 111,
922 3047 955 3090 1,
983 3048 1053 3091 643
1083 3049 1166 3085 Sall.
1195 3049 1280 3094 Jug.
1312 3048 1405 3091 101;
1435 3049 1507 3084 Cic.
1537 3050 1638 3084 Tusc.
1667 3049 1694 3090 I,
1727 3048 1787 3088 18,
1818 3048 1890 3091 413
1921 3048 2022 3083 Caes.
2053 3048 2096 3083 D.
2117 3048 2157 3083 B.
2179 3047 2220 3083 C.
2240 3048 2301 3090 ΙΙΙ,
2323 3047 2394 3091 88;
2414 3048 2503 3094 Nep.
2523 3048 2631 3082 Phoc.

669 3109 713 3155 ’.ἒς
743 3111 845 3147 Curt.
876 3110 922 3146 IV
953 3111 1032 3158 (ΙΙ),
1059 3111 1094 3146 5.
