2941 3765
593 325 620 366 6
1419 340 1453 372 S.
1477 340 1517 372 Ε.
1541 340 1723 372 Melander.

589 448 785 508 ejusmodi
832 447 940 491 locos
974 464 1197 508 perperam,
1233 455 1277 492 ut
1311 448 1406 492 mihi
1438 448 1599 507 quidem
1632 447 1802 499 videtur,
1838 447 1878 490 in
1911 436 2244 490 anacoluthorum
2278 460 2446 489 numero
2481 460 2552 488 re—

589 528 798 588 posuerint
846 536 890 573 ut
942 528 1196 580 Matthiaeus,
1232 530 1303 573 Gr.
1350 529 1421 573 Gr.
1465 532 1490 582 S
1526 530 1630 578 632,
1671 529 1707 579 4,
1744 528 1815 571 fin.
1850 536 1888 571 et
1922 526 2152 576 Wendtius,
2188 526 2237 569 de
2269 534 2370 570 orat.
2404 525 2550 571 Herod.

588 623 707 669 pagg.
760 611 832 659 21,
885 609 958 654 24.
1024 609 1086 653 Ex
1136 610 1301 670 reliquis
1334 609 1441 660 locis,
1478 608 1547 653 11111
1580 609 1708 653 oratio
1740 608 1892 653 variata
1924 597 2110 658 occurrit,
2145 607 2220 651 1105
2252 606 2459 667 inspicias:
2502 608 2549 659 V,

601 693 664 740 15,
701 716 761 721 —
797 690 1056 744 πυθόμενοι
1092 692 1362 731 συναλίσθαι
1400 692 1497 737 τούς
1528 692 1727 735 Παίονας
1748 694 1821 730 καὶ
1845 714 1905 719 --
1929 713 1989 719 —
2013 688 2209 743 ἐσβολὴν
2232 689 2550 741 φυλάσσοντας,

592 771 661 814 ubi
707 771 877 814 verbum
921 771 1180 822 πυθόμενοι
1216 770 1411 828 duplicem
1448 769 1565 811 habet
1601 775 1849 811 structuram
1883 768 2064 811 infinitivi
2098 776 2137 811 et
2169 767 2375 826 participii,
2412 768 2439 815 1,
2478 769 2547 816 53,

591 878 651 883 -.
686 848 930 892 ἐνετέλλετο
966 846 992 891 ὅ
1027 852 1220 906 Κροῖσος
1252 848 1497 905 ἐπειρωτᾶν
1531 850 1579 889 rt?
1605 849 1867 905 χρηστήρια,
1904 849 1947 890 εἰ
1975 849 2251 904 στρατεύηται
2284 846 2352 889 ε’πὶ
2377 850 2554 904 Πέρσας

593 932 789 989 Κροῖσος
820 932 892 970 καὶ
928 929 971 970 εἷ’
1000 943 1094 970 τινα
1128 931 1312 987 στρατόν
1346 925 1525 985 ἀνδρῶν
1548 928 1822 985 προσθέοιτο
1847 928 1996 982 φίλον,
2020 942 2124 987 quae
2148 927 2356 973 modorum
2382 943 2551 988 permu-

591 1010 688 1054 tatio
736 1008 868 1069 paullo
917 1008 1018 1052 inti-a
1067 1008 1106 1051 in
1156 1008 1294 1053 eodem
1346 1007 1473 1067 capite
1522 1016 1594 1058 est,
1648 1008 1711 1058 lll,
1767 1007 1838 1058 75,
1888 1034 1946 1039 —
1998 1006 2137 1064 ἔλεγε,
2172 1010 2366 1064 τὸνμὲν
2400 1010 2551 1066 Κύρου

592 1090 798 1147 Σμέρδιν
847 1088 909 1137 (ὗς
957 1085 1087 1136 αύτός
1128 1114 1186 1118 -—
1222 1114 1280 1118 σ-
1327 1085 1614 1141 (Ξποκτείνειε,
1649 1090 1749 1136 τούς
1780 1090 1957 1142 μάγους
1990 1088 2036 1130 ds
2071 1091 2342 1144 βασιλεύειν,
2377 1104 2551 1148 quocum

590 1172 661 1215 cfr.
697 1171 760 1221 ΙΙΙ,
798 1170 856 1215 87
892 1176 930 1212 et
963 1169 1027 1219 lv,
1073 1167 1169 1218 137,
1207 1194 1267 1200 —
1302 1170 1521 1224 λέγοντος,
1557 1166 1618 1216 (ὗς
1651 1170 1728 1211 νῦν
1761 1171 1847 1222 μὲν
1874 1168 1949 1210 du?
1976 1172 2171 1226 Δαρεῖον
2205 1168 2385 1218 &aecanos-
2410 1166 2552 1213 αὐτῶν

590 1253 841 1308 τυραννεύει
902 1252 1079 1301 πόλιος,
1143 1252 1215 1305 τῆς
1270 1255 1466 1306 Δαρείου
1525 1249 1570 1290 δὲ
1629 1249 1846 1302 δυνάμιος
1892 1252 2233 1306 καταιρεθείσης
2279 1249 2373 1293 οἷ”τε
2427 1246 2555 1299 αὐτὸς

587 1333 830 1386 Μιλησίων
864 1326 962 1375 οἷός
994 1345 1034 1369 τε
1070 1328 1258 1370 ἔσεσθαι
1294 1326 1447 1384 ἄρχειν
1481 1326 1577 1369 οὔτε
1614 1326 1756 1369 ἄλλον
1790 1323 1950 1369 aniame
1984 1324 2213 1383 ούδαμιῦν.
2279 1330 2356 1381 Qui
2392 1330 2553 1387 quidem

586 1411 657 1454 loci
707 1410 758 1453 ad
807 1407 1047 1452 anacolutha
1097 1407 1238 1450 referri
1287 1408 1375 1451 ideo
1410 1424 1490 1451 non
1525 1416 1707 1467 possunt,
1745 1407 1840 1465 quia
1872 1407 2206 1451 anacoluthorum
2241 1410 2445 1467 proprium
2478 1419 2550 1460 est,

586 1499 631 1534 ut
664 1496 881 1548 antequam
914 1504 996 1532 una
1030 1488 1277 1531 constructio
1311 1489 1484 1547 perfecta
1517 1497 1589 1538 est,
1626 1488 1675 1530 ad
1709 1489 1875 1531 alteram
1908 1495 2153 1531 transeatur.

709 1570 798 1613 Jam
845 1569 1048 1627 quoniam,
1085 1576 1283 1627 quantum
1319 1568 1535 1627 potuimus,
1573 1569 1651 1612 vim
1686 1577 1723 1612 et
1759 1575 1944 1612 naturam
1977 1568 2310 1613 anaeolutliorum
2343 1570 2553 1629 expressi—

588 1667 692 1701 mus,
728 1667 779 1694 ex
812 1651 952 1694 ordine
987 1651 1183 1708 sequitur,
1219 1658 1264 1693 ut
1298 1665 1378 1707 qua
1414 1649 1567 1692 ratione
1600 1650 1773 1693 maxima
1796 1649 1858 1692 illa
1881 1650 2213 1693 anacoluthorum
2237 1650 2554 1694 Herodoteorum

588 1730 802 1778 multitudo
851 1731 891 1776 in
939 1747 1087 1791 genera
1131 1747 1206 1776 sua
1247 1729 1298 1774 sit
1339 1728 1567 1789 digerenda,
1604 1728 1654 1774 ad
1688 1729 1883 1789 liquidum
1918 1729 2200 1789 perducamuS,
2236 1746 2340 1789 quae
2372 1731 2554 1790 quaestio

588 1829 635 1858 eo
683 1812 846 1872 gravior
896 1819 968 1863 est,
1019 1810 1128 1870 quod
1178 1810 1512 1856 anacolutliorum
1562 1810 1777 1870 descriptio
1819 1825 1842 1855 a
1875 1810 2146 1871 grammaticis
2180 1810 2313 1870 potius
2346 1811 2483 1856 leviter
2516 1820 2554 1857 et

588 1894 778 1939 universe
824 1893 1046 1953 significata
1087 1905 1210 1950 quam
1253 1892 1293 1934 in
1336 1892 1516 1951 singulas
1549 1899 1685 1951 partes
1718 1892 1913 1936 translata
1947 1891 2126 1945 videtur,
2162 1898 2223 1935 est
2257 1892 2363 1935 enim
2397 1892 2553 1936 infinita

588 1975 924 2018 anacoluthorum
959 1974 1131 2016 varietas
1164 1974 1344 2016 nondum
1379 1973 1417 2015 in
1451 1974 1601 2015 classes
1634 1982 1673 2016 et
1705 1973 1873 2016 familias
1908 1987 2003 2014 suas
2035 1972 2194 2014 redacta
2217 1975 2276 2027 ⁴).
2343 1973 2372 2015 li
2403 1981 2550 2022 autem,

588 2056 658 2115 qui
701 2057 807 2099 113110
848 2070 934 2098 rem
976 2053 1208 2111 attigerunt,
1255 2069 1334 2097 non
1376 2070 1516 2097 omnes
1548 2055 1654 2097 inter
1688 2071 1731 2097 se
1764 2053 2034 2097 consentiunt.
2100 2054 2343 2097 Kuehnerus
2375 2054 2548 2112 quidem,

588 2135 660 2180 Gr.
695 2135 768 2179 Gr.
803 2138 856 2190 §S
893 2136 996 2183 859,
1035 2137 1138 2184 860,
1176 2132 1251 2177 tria
1276 2133 1610 2178 anacolutlmrum
1634 2149 1783 2193 genera
1808 2133 2029 2193 distinguit,
2055 2133 2423 2192 grammaticorum,
2451 2135 2551 2179 rhe-

590 2216 821 2268 toricorum,
866 2230 1019 2266 eorum,
1056 2229 1160 2274 quae
1193 2230 1243 2258 ex
1279 2214 1361 2258 sola
1396 2215 1602 2276 scriptoris
1637 2214 1873 2275 negligentia
1908 2222 1995 2259 orta
2030 2223 2138 2258 sunt.
2204 2215 2370 2260 Rostius
2403 2224 2549 2267 autem,

588 2298 660 2341 Gr.
712 2297 784 2340 Gr.
832 2300 856 2351 S
907 2297 1005 2346 1137,
1042 2295 1280 2337 anacolutlia
1314 2303 1384 2339 aut
1417 2296 1678 2355 grammatica
1711 2310 1801 2338 esse
1833 2302 1904 2339 aut
1938 2295 2135 2339 rhetorica
2168 2295 2296 2340 docet.
2362 2296 2553 2341 Ceterum

589 2379 639 2420 ad
682 2379 757 2420 1100
789 2392 920 2436 genus
955 2383 1185 2419 structurae
1220 2376 1366 2418 relatae
1401 2385 1509 2427 sunt,
1546 2377 1585 2418 in
1619 2377 1770 2435 quibus
1803 2377 2072 2419 anacoluthon
2105 2391 2324 2435 agnoscere
2357 2391 2414 2426 ea,
2450 2391 2554 2435 quae

591 2474 714 2518 supra
763 2459 964 2517 disputata
1017 2465 1124 2506 sunt,
1178 2473 1251 2499 1105
1298 2465 1445 2501 vetent.
1513 2459 1575 2501 Ex
1610 2458 1848 2517 negligentia
1882 2472 1977 2500 vero
2019 2472 2187 2501 caussas
2220 2458 2554 2501 anacoluthm·um

589 2554 796 2598 quaerere,
833 2546 878 2582 ut
912 2539 1083 2596 scriptor
1116 2553 1187 2596 per
1220 2538 1530 2596 imprudentiam
1564 2539 1737 2597 aliquam
1769 2546 1909 2581 contra
1933 2546 2084 2581 rectam
2108 2539 2306 2581 sermonis
2328 2548 2554 2581 consuetu-

591 2619 724 2662 dinem
758 2633 947 2677 peccasse
980 2625 1155 2677 putctur,
1192 2619 1286 2662 mihi
1320 2635 1402 2662 non
1436 2619 1575 2678 placet,
1611 2620 1706 2679 (11113
1738 2619 1990 2664 anacoluthis
2019 2619 2168 2679 judicio
2198 2620 2411 2679 deditaque
2433 2635 2555 2679 opera

593 2714 752 2759 semper
794 2699 846 2743 al)
879 2698 966 2758 ipso
1000 2699 1194 2758 scriptore
1227 2700 1449 2758 subjectam
1483 2717 1572 2744 esse
1605 2701 1779 2759 aliquam
1813 2717 2000 2746 caussam
2035 2701 2074 2744 in
2109 2700 2385 2760 superioribus
2420 2701 2554 2745 statui.

590 2779 705 2833 Quae
740 2794 987 2839 quamquam
1021 2795 1108 2822 mea
1142 2788 1204 2823 est
1238 2781 1446 2830 sententia,
1484 2789 1618 2824 tamen
1652 2782 1746 2825 1111111
1782 2797 1862 2824 11011
1897 2782 1994 2825 satis
2029 2782 2224 2841 probatur
2262 2782 2463 2826 distinctio
2494 2782 2555 2825 illa

590 2861 926 2905 anacolutliorum
975 2861 1330 2917 grammaticorum
1380 2872 1415 2904 et
1460 2863 1764 2910 rhetoricorum,
1802 2877 1906 2919 quae
1940 2863 2190 2920 singulorum
2224 2863 2556 2906 anacolutliorum

589 2942 747 2987 caussis
796 2942 856 2986 vel
897 2940 1122 2999 originibus
1164 2941 1315 2990 nititur,
1353 2942 1383 2983 si
1419 2942 1593 2999 quidem,
1629 2942 1737 3000 quod
1771 2942 1881 3001 ipsae
1913 2942 2194 3001 appellationes
2229 2944 2456 3002 significare
2489 2944 2555 2987 vi-

695 3119 728 3160 Α)
757 3117 801 3154 G.
832 3115 1053 3165 Bernhardy.
1112 3116 1383 3164 paralipomena
1411 3116 1577 3164 Syntaxis
1605 3117 1773 3153 Graecae.
1830 3116 1928 3152 Halis
1957 3114 2071 3159 1862,
2101 3128 2180 3165 pag.
2210 3115 2271 3153 15.
