<?xml version="1.0" encoding="UTF-8"?>
<!DOCTYPE html PUBLIC "-//W3C//DTD XHTML 1.0 Transitional//EN"
    "http://www.w3.org/TR/xhtml1/DTD/xhtml1-transitional.dtd">
<html xmlns="http://www.w3.org/1999/xhtml" xml:lang="en" lang="en">
 <head>
  <title>
</title>
<meta http-equiv="Content-Type" content="text/html;charset=utf-8" />
  <meta name='ocr-system' content='tesseract 3.04.00' />
  <meta name='ocr-capabilities' content='ocr_page ocr_carea ocr_par ocr_line ocrx_word'/>
</head>
<body>
  <div class='ocr_page' id='page_1' title='image "./4771381_0076.png"; bbox 0 0 2941 3765; ppageno 0'>
   <div class='ocr_carea' id='block_1_1' title="bbox 673 299 1807 357">
    <p class='ocr_par' dir='ltr' id='par_1_1' title="bbox 673 299 1807 357">
     <span class='ocr_line' id='line_1_1' title="bbox 673 299 1807 357; baseline 0 0"><span class='ocrx_word' id='word_1_1' title='bbox 673 306 732 350; x_wconf 70' lang='lat'>64</span> <span class='ocrx_word' id='word_1_2' title='bbox 1500 299 1598 357; x_wconf 60' lang='lat' dir='ltr'>SJE.</span> <span class='ocrx_word' id='word_1_3' title='bbox 1622 324 1807 357; x_wconf 72' lang='lat' dir='ltr'>Meimder.</span> 
     </span>
    </p>
   </div>
   <div class='ocr_carea' id='block_1_2' title="bbox 638 429 2642 3150">
    <p class='ocr_par' dir='ltr' id='par_1_2' title="bbox 638 429 2638 2662">
     <span class='ocr_line' id='line_1_2' title="bbox 670 429 2636 491; baseline -0.001 -16"><span class='ocrx_word' id='word_1_4' title='bbox 670 430 816 475; x_wconf 76' lang='grc' dir='ltr'><strong><em>ἄλλον</em></strong></span> <span class='ocrx_word' id='word_1_5' title='bbox 849 439 1046 485; x_wconf 84' lang='grc' dir='ltr'><strong><em>πέμπειν</em></strong></span> <span class='ocrx_word' id='word_1_6' title='bbox 1080 435 1340 488; x_wconf 77' lang='grc' dir='ltr'><strong><em>στρατηγόν.</em></strong></span> <span class='ocrx_word' id='word_1_7' title='bbox 1395 433 1479 477; x_wconf 86' lang='lat' dir='ltr'>Hoc</span> <span class='ocrx_word' id='word_1_8' title='bbox 1510 433 1609 486; x_wconf 89' lang='lat' dir='ltr'>loco,</span> <span class='ocrx_word' id='word_1_9' title='bbox 1644 434 1694 477; x_wconf 92' lang='lat' dir='ltr'>de</span> <span class='ocrx_word' id='word_1_10' title='bbox 1726 448 1808 491; x_wconf 93' lang='lat' dir='ltr'>quo</span> <span class='ocrx_word' id='word_1_11' title='bbox 1840 431 1920 476; x_wconf 91' lang='lat' dir='ltr'>vid.</span> <span class='ocrx_word' id='word_1_12' title='bbox 1952 430 2070 475; x_wconf 86' lang='lat' dir='ltr'>etiam</span> <span class='ocrx_word' id='word_1_13' title='bbox 2102 445 2192 490; x_wconf 82' lang='lat' dir='ltr'>pag.</span> <span class='ocrx_word' id='word_1_14' title='bbox 2219 429 2289 482; x_wconf 74' lang='lat'>40,</span> <span class='ocrx_word' id='word_1_15' title='bbox 2313 430 2395 475; x_wconf 94' lang='lat' dir='ltr'>duo</span> <span class='ocrx_word' id='word_1_16' title='bbox 2415 429 2479 474; x_wconf 85' lang='lat' dir='ltr'>illa</span> <span class='ocrx_word' id='word_1_17' title='bbox 2500 445 2636 475; x_wconf 87' lang='lat' dir='ltr'>mem-</span> 
     </span>
     <span class='ocr_line' id='line_1_3' title="bbox 670 510 2631 573; baseline -0.002 -14"><span class='ocrx_word' id='word_1_18' title='bbox 670 513 745 559; x_wconf 84' lang='lat' dir='ltr'>bra</span> <span class='ocrx_word' id='word_1_19' title='bbox 793 511 880 572; x_wconf 89' lang='lat' dir='ltr'>ipsa</span> <span class='ocrx_word' id='word_1_20' title='bbox 928 526 999 571; x_wconf 89' lang='lat' dir='ltr'>per</span> <span class='ocrx_word' id='word_1_21' title='bbox 1041 526 1084 556; x_wconf 89' lang='lat' dir='ltr'>se</span> <span class='ocrx_word' id='word_1_22' title='bbox 1124 525 1171 556; x_wconf 85' lang='lat' dir='ltr'>ea</span> <span class='ocrx_word' id='word_1_23' title='bbox 1213 519 1321 564; x_wconf 87' lang='lat' dir='ltr'>sunt,</span> <span class='ocrx_word' id='word_1_24' title='bbox 1358 527 1463 572; x_wconf 84' lang='lat' dir='ltr'>quae</span> <span class='ocrx_word' id='word_1_25' title='bbox 1495 513 1599 559; x_wconf 83' lang='lat' dir='ltr'>inter</span> <span class='ocrx_word' id='word_1_26' title='bbox 1633 528 1677 558; x_wconf 88' lang='lat' dir='ltr'>se</span> <span class='ocrx_word' id='word_1_27' title='bbox 1709 512 1842 573; x_wconf 86' lang='lat' dir='ltr'>aptius</span> <span class='ocrx_word' id='word_1_28' title='bbox 1875 517 2133 572; x_wconf 86' lang='lat' dir='ltr'>opponantur</span> <span class='ocrx_word' id='word_1_29' title='bbox 2164 526 2288 572; x_wconf 86' lang='lat' dir='ltr'>quam</span> <span class='ocrx_word' id='word_1_30' title='bbox 2320 510 2631 572; x_wconf 79' lang='lat' dir='ltr'>conjungantur,</span> 
     </span>
     <span class='ocr_line' id='line_1_4' title="bbox 671 589 2634 654; baseline -0.002 -15"><span class='ocrx_word' id='word_1_31' title='bbox 671 594 706 639; x_wconf 90' lang='lat' dir='ltr'>si</span> <span class='ocrx_word' id='word_1_32' title='bbox 738 592 900 654; x_wconf 87' lang='lat' dir='ltr'>quidem</span> <span class='ocrx_word' id='word_1_33' title='bbox 933 591 1103 652; x_wconf 88' lang='lat' dir='ltr'>oppositi</span> <span class='ocrx_word' id='word_1_34' title='bbox 1137 599 1235 638; x_wconf 89' lang='lat' dir='ltr'>sunt</span> <span class='ocrx_word' id='word_1_35' title='bbox 1267 589 1397 643; x_wconf 85' lang='grc' dir='ltr'><strong><em>αὐτός</em></strong></span> <span class='ocrx_word' id='word_1_36' title='bbox 1428 601 1468 639; x_wconf 87' lang='lat' dir='ltr'>et</span> <span class='ocrx_word' id='word_1_37' title='bbox 1501 592 1641 644; x_wconf 79' lang='grc' dir='ltr'><strong><em>ἄλλος</em></strong></span> <span class='ocrx_word' id='word_1_38' title='bbox 1672 593 1926 651; x_wconf 81' lang='grc' dir='ltr'><strong><em>στρατηγός.</em></strong></span> <span class='ocrx_word' id='word_1_39' title='bbox 1982 592 2028 644; x_wconf 89' lang='grc' dir='ltr'>Π,</span> <span class='ocrx_word' id='word_1_40' title='bbox 2071 593 2137 644; x_wconf 81' lang='grc'>12,</span> <span class='ocrx_word' id='word_1_41' title='bbox 2173 591 2285 636; x_wconf 78' lang='grc' dir='ltr'><strong><em>ἰδών</em></strong></span> <span class='ocrx_word' id='word_1_42' title='bbox 2315 608 2360 636; x_wconf 85' lang='grc' dir='ltr'><strong><em>τε</em></strong></span> <span class='ocrx_word' id='word_1_43' title='bbox 2390 593 2470 649; x_wconf 78' lang='grc' dir='ltr'>τὴν</span> <span class='ocrx_word' id='word_1_44' title='bbox 2500 592 2634 649; x_wconf 77' lang='grc' dir='ltr'><strong><em>Αἴγυ-</em></strong></span> 
     </span>
     <span class='ocr_line' id='line_1_5' title="bbox 673 672 2633 732; baseline 0 -16"><span class='ocrx_word' id='word_1_45' title='bbox 673 689 783 717; x_wconf 88' lang='grc' dir='ltr'><strong><em>πτον</em></strong></span> <span class='ocrx_word' id='word_1_46' title='bbox 816 679 1121 731; x_wconf 71' lang='grc' dir='ltr'><strong><em>προκειμένην</em></strong></span> <span class='ocrx_word' id='word_1_47' title='bbox 1154 677 1230 730; x_wconf 76' lang='grc' dir='ltr'>τῆς</span> <span class='ocrx_word' id='word_1_48' title='bbox 1261 673 1480 732; x_wconf 73' lang='grc' dir='ltr'>ἐχομένης</span> <span class='ocrx_word' id='word_1_49' title='bbox 1511 678 1605 732; x_wconf 79' lang='grc' dir='ltr'><strong><em>γῆς,</em></strong></span> <span class='ocrx_word' id='word_1_50' title='bbox 1641 699 1697 706; x_wconf 93' lang='grc'>-</span> <span class='ocrx_word' id='word_1_51' title='bbox 1734 699 1796 705; x_wconf 92' lang='grc'>-</span> <span class='ocrx_word' id='word_1_52' title='bbox 1828 698 1887 705; x_wconf 88' lang='lat'>—</span> <span class='ocrx_word' id='word_1_53' title='bbox 1922 673 2031 731; x_wconf 92' lang='lat' dir='ltr'>quod</span> <span class='ocrx_word' id='word_1_54' title='bbox 2064 672 2292 731; x_wconf 85' lang='lat' dir='ltr'>exemplum</span> <span class='ocrx_word' id='word_1_55' title='bbox 2325 687 2419 717; x_wconf 91' lang='lat' dir='ltr'>cum</span> <span class='ocrx_word' id='word_1_56' title='bbox 2450 673 2633 732; x_wconf 83' lang='lat' dir='ltr'>proxime</span> 
     </span>
     <span class='ocr_line' id='line_1_6' title="bbox 638 753 2635 811; baseline 0.001 -16"><span class='ocrx_word' id='word_1_57' title='bbox 638 791 648 795; x_wconf 89' lang='lat'>-</span> <span class='ocrx_word' id='word_1_58' title='bbox 671 754 934 798; x_wconf 79' lang='lat' dir='ltr'>antecedente</span> <span class='ocrx_word' id='word_1_59' title='bbox 976 761 1085 796; x_wconf 87' lang='lat' dir='ltr'>recte</span> <span class='ocrx_word' id='word_1_60' title='bbox 1118 755 1336 798; x_wconf 81' lang='lat' dir='ltr'>contulisse</span> <span class='ocrx_word' id='word_1_61' title='bbox 1370 756 1465 798; x_wconf 87' lang='lat' dir='ltr'>mihi</span> <span class='ocrx_word' id='word_1_62' title='bbox 1498 755 1655 799; x_wconf 89' lang='lat' dir='ltr'>videtur</span> <span class='ocrx_word' id='word_1_63' title='bbox 1687 755 1786 808; x_wconf 84' lang='lat' dir='ltr'><strong>Lh.;</strong></span> <span class='ocrx_word' id='word_1_64' title='bbox 1822 769 1916 797; x_wconf 90' lang='lat' dir='ltr'>nam</span> <span class='ocrx_word' id='word_1_65' title='bbox 1948 754 2000 796; x_wconf 90' lang='lat' dir='ltr'>illi</span> <span class='ocrx_word' id='word_1_66' title='bbox 2032 760 2079 796; x_wconf 81' lang='grc' dir='ltr'>τέ</span> <span class='ocrx_word' id='word_1_67' title='bbox 2110 753 2327 811; x_wconf 85' lang='lat' dir='ltr'>respondet</span> <span class='ocrx_word' id='word_1_68' title='bbox 2359 756 2474 809; x_wconf 76' lang='grc' dir='ltr'><strong><em>πρός</em></strong></span> <span class='ocrx_word' id='word_1_69' title='bbox 2504 754 2551 797; x_wconf 74' lang='grc' dir='ltr'>δὲ</span> <span class='ocrx_word' id='word_1_70' title='bbox 2584 758 2635 811; x_wconf 77' lang='grc' dir='ltr'>τῇ</span> 
     </span>
     <span class='ocr_line' id='line_1_7' title="bbox 665 833 2634 894; baseline 0.002 -18"><span class='ocrx_word' id='word_1_71' title='bbox 665 837 794 892; x_wconf 78' lang='grc' dir='ltr'><strong><em>χώρῃ</em></strong></span> <span class='ocrx_word' id='word_1_72' title='bbox 828 861 904 876; x_wconf 91' lang='grc'>-.</span> <span class='ocrx_word' id='word_1_73' title='bbox 970 834 1030 877; x_wconf 90' lang='lat' dir='ltr'>De</span> <span class='ocrx_word' id='word_1_74' title='bbox 1063 835 1140 878; x_wconf 90' lang='lat' dir='ltr'>hoc</span> <span class='ocrx_word' id='word_1_75' title='bbox 1173 851 1337 894; x_wconf 84' lang='lat' dir='ltr'>quoque</span> <span class='ocrx_word' id='word_1_76' title='bbox 1369 836 1454 879; x_wconf 87' lang='lat' dir='ltr'>loco</span> <span class='ocrx_word' id='word_1_77' title='bbox 1487 851 1609 894; x_wconf 88' lang='lat' dir='ltr'>supra</span> <span class='ocrx_word' id='word_1_78' title='bbox 1655 849 1746 894; x_wconf 85' lang='lat' dir='ltr'>pag.</span> <span class='ocrx_word' id='word_1_79' title='bbox 1794 834 1848 878; x_wconf 74' lang='lat'>40</span> <span class='ocrx_word' id='word_1_80' title='bbox 1893 834 2042 878; x_wconf 88' lang='lat' dir='ltr'>mentio</span> <span class='ocrx_word' id='word_1_81' title='bbox 2075 833 2178 878; x_wconf 84' lang='lat' dir='ltr'>facta</span> <span class='ocrx_word' id='word_1_82' title='bbox 2210 840 2285 878; x_wconf 88' lang='lat' dir='ltr'>est.</span> <span class='ocrx_word' id='word_1_83' title='bbox 2349 833 2397 885; x_wconf 85' lang='lat' dir='ltr'>ll,</span> <span class='ocrx_word' id='word_1_84' title='bbox 2435 836 2492 878; x_wconf 89' lang='lat'>33</span> <span class='ocrx_word' id='word_1_85' title='bbox 2536 849 2634 880; x_wconf 88' lang='lat' dir='ltr'>ver-</span> 
     </span>
     <span class='ocr_line' id='line_1_8' title="bbox 672 912 2635 974; baseline -0.001 -14"><span class='ocrx_word' id='word_1_86' title='bbox 672 924 787 960; x_wconf 84' lang='lat' dir='ltr'>satur</span> <span class='ocrx_word' id='word_1_87' title='bbox 834 912 1064 959; x_wconf 88' lang='lat' dir='ltr'>Herodotus</span> <span class='ocrx_word' id='word_1_88' title='bbox 1113 914 1154 959; x_wconf 91' lang='lat' dir='ltr'>in</span> <span class='ocrx_word' id='word_1_89' title='bbox 1203 914 1529 967; x_wconf 87' lang='lat' dir='ltr'>demonstrando,</span> <span class='ocrx_word' id='word_1_90' title='bbox 1581 913 1714 960; x_wconf 88' lang='lat' dir='ltr'>Nilum</span> <span class='ocrx_word' id='word_1_91' title='bbox 1761 914 1802 958; x_wconf 91' lang='lat' dir='ltr'>in</span> <span class='ocrx_word' id='word_1_92' title='bbox 1849 913 2000 967; x_wconf 79' lang='lat' dir='ltr'>eadem,</span> <span class='ocrx_word' id='word_1_93' title='bbox 2047 927 2170 974; x_wconf 86' lang='lat' dir='ltr'>quam</span> <span class='ocrx_word' id='word_1_94' title='bbox 2203 928 2279 958; x_wconf 89' lang='lat' dir='ltr'>nos</span> <span class='ocrx_word' id='word_1_95' title='bbox 2312 913 2496 964; x_wconf 79' lang='lat' dir='ltr'>dicimus,</span> <span class='ocrx_word' id='word_1_96' title='bbox 2534 913 2635 958; x_wconf 87' lang='lat' dir='ltr'>linea</span> 
     </span>
     <span class='ocr_line' id='line_1_9' title="bbox 671 994 2636 1055; baseline -0.001 -15"><span class='ocrx_word' id='word_1_97' title='bbox 671 994 919 1041; x_wconf 79' lang='lat' dir='ltr'>meridionali</span> <span class='ocrx_word' id='word_1_98' title='bbox 958 995 1054 1039; x_wconf 89' lang='lat' dir='ltr'>oriri</span> <span class='ocrx_word' id='word_1_99' title='bbox 1088 1011 1170 1055; x_wconf 85' lang='lat' dir='ltr'>qua</span> <span class='ocrx_word' id='word_1_100' title='bbox 1203 997 1367 1041; x_wconf 87' lang='lat' dir='ltr'>Istrum.</span> <span class='ocrx_word' id='word_1_101' title='bbox 1424 995 1542 1050; x_wconf 88' lang='lat' dir='ltr'>Quod</span> <span class='ocrx_word' id='word_1_102' title='bbox 1575 1012 1625 1040; x_wconf 88' lang='lat' dir='ltr'>ex</span> <span class='ocrx_word' id='word_1_103' title='bbox 1657 995 1934 1055; x_wconf 80' lang='lat' dir='ltr'>compluribus</span> <span class='ocrx_word' id='word_1_104' title='bbox 1967 994 2305 1047; x_wconf 79' lang='lat' dir='ltr'>similitudinibus,</span> <span class='ocrx_word' id='word_1_105' title='bbox 2341 1009 2445 1054; x_wconf 82' lang='lat' dir='ltr'>quas</span> <span class='ocrx_word' id='word_1_106' title='bbox 2476 1001 2636 1039; x_wconf 77' lang='lat' dir='ltr'>constat</span> 
     </span>
     <span class='ocr_line' id='line_1_10' title="bbox 671 1074 2637 1131; baseline -0.002 -10"><span class='ocrx_word' id='word_1_107' title='bbox 671 1077 776 1121; x_wconf 89' lang='lat' dir='ltr'>inter</span> <span class='ocrx_word' id='word_1_108' title='bbox 809 1076 908 1120; x_wconf 85' lang='lat' dir='ltr'>haec</span> <span class='ocrx_word' id='word_1_109' title='bbox 955 1075 1123 1121; x_wconf 85' lang='lat' dir='ltr'>flumina</span> <span class='ocrx_word' id='word_1_110' title='bbox 1168 1076 1426 1131; x_wconf 75' lang='lat' dir='ltr'>intercedere,</span> <span class='ocrx_word' id='word_1_111' title='bbox 1461 1075 1674 1121; x_wconf 86' lang='lat' dir='ltr'>concludit.</span> <span class='ocrx_word' id='word_1_112' title='bbox 1746 1075 1928 1120; x_wconf 87' lang='lat' dir='ltr'>Primum</span> <span class='ocrx_word' id='word_1_113' title='bbox 1961 1075 2066 1119; x_wconf 89' lang='lat' dir='ltr'>enim</span> <span class='ocrx_word' id='word_1_114' title='bbox 2100 1076 2202 1119; x_wconf 85' lang='lat' dir='ltr'>lster</span> <span class='ocrx_word' id='word_1_115' title='bbox 2233 1074 2286 1119; x_wconf 82' lang='lat' dir='ltr'>ab</span> <span class='ocrx_word' id='word_1_116' title='bbox 2318 1074 2522 1119; x_wconf 84' lang='lat' dir='ltr'>occidente</span> <span class='ocrx_word' id='word_1_117' title='bbox 2554 1074 2637 1119; x_wconf 90' lang='lat' dir='ltr'>ini-</span> 
     </span>
     <span class='ocr_line' id='line_1_11' title="bbox 670 1151 2638 1217; baseline -0.002 -15"><span class='ocrx_word' id='word_1_118' title='bbox 670 1157 773 1202; x_wconf 89' lang='lat' dir='ltr'>tium</span> <span class='ocrx_word' id='word_1_119' title='bbox 821 1155 944 1200; x_wconf 84' lang='lat' dir='ltr'>hahet</span> <span class='ocrx_word' id='word_1_120' title='bbox 993 1163 1034 1200; x_wconf 86' lang='lat' dir='ltr'>et</span> <span class='ocrx_word' id='word_1_121' title='bbox 1083 1156 1253 1201; x_wconf 86' lang='lat' dir='ltr'>mediam</span> <span class='ocrx_word' id='word_1_122' title='bbox 1303 1164 1410 1201; x_wconf 87' lang='lat' dir='ltr'>secat</span> <span class='ocrx_word' id='word_1_123' title='bbox 1459 1157 1684 1217; x_wconf 79' lang='lat' dir='ltr'>Europam:</span> <span class='ocrx_word' id='word_1_124' title='bbox 1726 1154 1894 1213; x_wconf 85' lang='grc' dir='ltr'><strong><em>Ἴστρος</em></strong></span> <span class='ocrx_word' id='word_1_125' title='bbox 1935 1171 1975 1198; x_wconf 92' lang='grc' dir='ltr'><strong><em>τε</em></strong></span> <span class='ocrx_word' id='word_1_126' title='bbox 2027 1156 2116 1213; x_wconf 76' lang='grc' dir='ltr'><strong><em>γὰρ</em></strong></span> <span class='ocrx_word' id='word_1_127' title='bbox 2148 1156 2352 1209; x_wconf 78' lang='grc' dir='ltr'><strong><em>ποταμός</em></strong></span> <span class='ocrx_word' id='word_1_128' title='bbox 2383 1151 2638 1213; x_wconf 68' lang='grc' dir='ltr'><strong><em>ἀρξάμενος</em></strong></span> 
     </span>
     <span class='ocr_line' id='line_1_12' title="bbox 671 1231 2636 1295; baseline -0.001 -14"><span class='ocrx_word' id='word_1_129' title='bbox 671 1236 720 1281; x_wconf 81' lang='grc' dir='ltr'>ἐκ</span> <span class='ocrx_word' id='word_1_130' title='bbox 769 1237 954 1280; x_wconf 77' lang='grc' dir='ltr'><strong><em>Κελτῶν</em></strong></span> <span class='ocrx_word' id='word_1_131' title='bbox 995 1241 1071 1280; x_wconf 85' lang='grc' dir='ltr'>καὶ</span> <span class='ocrx_word' id='word_1_132' title='bbox 1114 1239 1321 1295; x_wconf 75' lang='grc' dir='ltr'><strong><em>Πυρήνης</em></strong></span> <span class='ocrx_word' id='word_1_133' title='bbox 1351 1238 1509 1285; x_wconf 76' lang='grc' dir='ltr'><strong><em>πόλιος</em></strong></span> <span class='ocrx_word' id='word_1_134' title='bbox 1540 1237 1630 1295; x_wconf 82' lang='grc' dir='ltr'><strong><em>ῥέει</em></strong></span> <span class='ocrx_word' id='word_1_135' title='bbox 1663 1242 1810 1293; x_wconf 93' lang='grc' dir='ltr'><strong><em>μέσην</em></strong></span> <span class='ocrx_word' id='word_1_136' title='bbox 1843 1239 2004 1292; x_wconf 81' lang='grc' dir='ltr'><strong><em>σχίζων</em></strong></span> <span class='ocrx_word' id='word_1_137' title='bbox 2037 1238 2115 1292; x_wconf 74' lang='grc' dir='ltr'>τήν</span> <span class='ocrx_word' id='word_1_138' title='bbox 2146 1231 2383 1292; x_wconf 78' lang='grc' dir='ltr'><strong><em>Εὐρώπην.</em></strong></span> <span class='ocrx_word' id='word_1_139' title='bbox 2448 1235 2636 1279; x_wconf 81' lang='lat' dir='ltr'>Similiter</span> 
     </span>
     <span class='ocr_line' id='line_1_13' title="bbox 671 1312 2632 1378; baseline -0.001 -17"><span class='ocrx_word' id='word_1_140' title='bbox 671 1318 787 1362; x_wconf 90' lang='lat' dir='ltr'>Nilus</span> <span class='ocrx_word' id='word_1_141' title='bbox 820 1331 945 1378; x_wconf 87' lang='lat' dir='ltr'>supra</span> <span class='ocrx_word' id='word_1_142' title='bbox 977 1317 1123 1361; x_wconf 88' lang='lat' dir='ltr'>dicitur</span> <span class='ocrx_word' id='word_1_143' title='bbox 1157 1331 1228 1376; x_wconf 88' lang='lat' dir='ltr'>per</span> <span class='ocrx_word' id='word_1_144' title='bbox 1262 1317 1429 1360; x_wconf 84' lang='lat' dir='ltr'>mediam</span> <span class='ocrx_word' id='word_1_145' title='bbox 1462 1317 1649 1368; x_wconf 83' lang='lat' dir='ltr'>Africam,</span> <span class='ocrx_word' id='word_1_146' title='bbox 1685 1312 1773 1375; x_wconf 74' lang='lat' dir='ltr'>cap.⁴</span> <span class='ocrx_word' id='word_1_147' title='bbox 1798 1318 1869 1365; x_wconf 88' lang='lat'>33,</span> <span class='ocrx_word' id='word_1_148' title='bbox 1895 1322 1935 1359; x_wconf 90' lang='lat' dir='ltr'>et</span> <span class='ocrx_word' id='word_1_149' title='bbox 1957 1316 2008 1359; x_wconf 88' lang='lat' dir='ltr'>ab</span> <span class='ocrx_word' id='word_1_150' title='bbox 2031 1315 2236 1359; x_wconf 86' lang='lat' dir='ltr'>occidente</span> <span class='ocrx_word' id='word_1_151' title='bbox 2258 1315 2453 1358; x_wconf 88' lang='lat' dir='ltr'>orientem</span> <span class='ocrx_word' id='word_1_152' title='bbox 2477 1330 2632 1366; x_wconf 82' lang='lat' dir='ltr'>versuS,</span> 
     </span>
     <span class='ocr_line' id='line_1_14' title="bbox 672 1396 2636 1458; baseline -0.001 -15"><span class='ocrx_word' id='word_1_153' title='bbox 672 1415 759 1458; x_wconf 89' lang='lat' dir='ltr'>cap.</span> <span class='ocrx_word' id='word_1_154' title='bbox 796 1403 868 1450; x_wconf 88' lang='grc'>31,</span> <span class='ocrx_word' id='word_1_155' title='bbox 905 1400 1046 1443; x_wconf 83' lang='lat' dir='ltr'>fluere.</span> <span class='ocrx_word' id='word_1_156' title='bbox 1101 1399 1252 1442; x_wconf 83' lang='lat' dir='ltr'>Deinde</span> <span class='ocrx_word' id='word_1_157' title='bbox 1283 1399 1384 1442; x_wconf 86' lang='lat' dir='ltr'>Ister</span> <span class='ocrx_word' id='word_1_158' title='bbox 1416 1399 1456 1442; x_wconf 93' lang='lat' dir='ltr'>in</span> <span class='ocrx_word' id='word_1_159' title='bbox 1490 1414 1601 1442; x_wconf 85' lang='lat' dir='ltr'>mare</span> <span class='ocrx_word' id='word_1_160' title='bbox 1634 1398 1750 1442; x_wconf 83' lang='lat' dir='ltr'>Ponti</span> <span class='ocrx_word' id='word_1_161' title='bbox 1785 1397 1931 1441; x_wconf 87' lang='lat' dir='ltr'>Euxini</span> <span class='ocrx_word' id='word_1_162' title='bbox 1966 1396 2096 1441; x_wconf 89' lang='lat' dir='ltr'>influit</span> <span class='ocrx_word' id='word_1_163' title='bbox 2129 1396 2178 1440; x_wconf 83' lang='lat' dir='ltr'>ad</span> <span class='ocrx_word' id='word_1_164' title='bbox 2212 1396 2384 1447; x_wconf 86' lang='lat' dir='ltr'>Istriam,</span> <span class='ocrx_word' id='word_1_165' title='bbox 2408 1411 2514 1455; x_wconf 88' lang='lat' dir='ltr'>quae</span> <span class='ocrx_word' id='word_1_166' title='bbox 2535 1397 2636 1442; x_wconf 90' lang='lat' dir='ltr'>urbs</span> 
     </span>
     <span class='ocr_line' id='line_1_15' title="bbox 672 1474 2636 1537; baseline -0.002 -12"><span class='ocrx_word' id='word_1_167' title='bbox 672 1479 787 1525; x_wconf 89' lang='lat' dir='ltr'>ostiis</span> <span class='ocrx_word' id='word_1_168' title='bbox 830 1478 909 1524; x_wconf 90' lang='lat' dir='ltr'>Nili</span> <span class='ocrx_word' id='word_1_169' title='bbox 951 1486 1014 1524; x_wconf 80' lang='lat' dir='ltr'>est</span> <span class='ocrx_word' id='word_1_170' title='bbox 1055 1478 1236 1531; x_wconf 87' lang='lat' dir='ltr'>adversa,</span> <span class='ocrx_word' id='word_1_171' title='bbox 1280 1479 1453 1536; x_wconf 77' lang='grc' dir='ltr'><strong><em>τελευτᾷ</em></strong></span> <span class='ocrx_word' id='word_1_172' title='bbox 1498 1477 1543 1522; x_wconf 73' lang='grc' dir='ltr'>δὲ</span> <span class='ocrx_word' id='word_1_173' title='bbox 1579 1475 1606 1522; x_wconf 80' lang='grc' dir='ltr'>ὁ</span> <span class='ocrx_word' id='word_1_174' title='bbox 1628 1474 1797 1536; x_wconf 81' lang='grc' dir='ltr'><strong><em>Ἴστρος</em></strong></span> <span class='ocrx_word' id='word_1_175' title='bbox 1829 1504 1887 1509; x_wconf 92' lang='grc'>-</span> <span class='ocrx_word' id='word_1_176' title='bbox 1925 1503 1998 1531; x_wconf 88' lang='grc'>-,</span> <span class='ocrx_word' id='word_1_177' title='bbox 2033 1491 2210 1537; x_wconf 86' lang='lat' dir='ltr'>quocum</span> <span class='ocrx_word' id='word_1_178' title='bbox 2242 1476 2316 1522; x_wconf 82' lang='lat' dir='ltr'>cfr.</span> <span class='ocrx_word' id='word_1_179' title='bbox 2350 1491 2438 1537; x_wconf 86' lang='lat' dir='ltr'>cap.</span> <span class='ocrx_word' id='word_1_180' title='bbox 2473 1475 2530 1521; x_wconf 77' lang='lat'>34</span> <span class='ocrx_word' id='word_1_181' title='bbox 2564 1476 2636 1522; x_wconf 83' lang='lat' dir='ltr'>fin.</span> 
     </span>
     <span class='ocr_line' id='line_1_16' title="bbox 673 1552 2634 1614; baseline -0.002 -10"><span class='ocrx_word' id='word_1_182' title='bbox 673 1561 738 1611; x_wconf 83' lang='grc' dir='ltr'>ΠΙ,</span> <span class='ocrx_word' id='word_1_183' title='bbox 775 1562 848 1611; x_wconf 76' lang='grc'>26,</span> <span class='ocrx_word' id='word_1_184' title='bbox 883 1584 947 1591; x_wconf 88' lang='lat'>--</span> <span class='ocrx_word' id='word_1_185' title='bbox 981 1561 1199 1614; x_wconf 74' lang='grc' dir='ltr'><strong><em>γενέσθαι</em></strong></span> <span class='ocrx_word' id='word_1_186' title='bbox 1232 1575 1276 1602; x_wconf 87' lang='grc' dir='ltr'><strong><em>τε·</em></strong></span> <span class='ocrx_word' id='word_1_187' title='bbox 1309 1555 1463 1606; x_wconf 75' lang='grc' dir='ltr'><strong><em>αὐτούς</em></strong></span> <span class='ocrx_word' id='word_1_188' title='bbox 1494 1558 1663 1614; x_wconf 83' lang='grc' dir='ltr'><strong><em>μεταξύ</em></strong></span> <span class='ocrx_word' id='word_1_189' title='bbox 1695 1573 1776 1600; x_wconf 84' lang='grc' dir='ltr'>κου</span> <span class='ocrx_word' id='word_1_190' title='bbox 1810 1559 2010 1612; x_wconf 79' lang='grc' dir='ltr'><strong><em>μάλιστα</em></strong></span> <span class='ocrx_word' id='word_1_191' title='bbox 2033 1552 2178 1600; x_wconf 79' lang='grc' dir='ltr'><strong><em>αὐτῶν</em></strong></span> <span class='ocrx_word' id='word_1_192' title='bbox 2200 1573 2243 1600; x_wconf 85' lang='grc' dir='ltr'><strong><em>τε</em></strong></span> <span class='ocrx_word' id='word_1_193' title='bbox 2266 1562 2340 1600; x_wconf 84' lang='grc' dir='ltr'>καὶ</span> <span class='ocrx_word' id='word_1_194' title='bbox 2362 1559 2437 1614; x_wconf 81' lang='grc' dir='ltr'>τῆς</span> <span class='ocrx_word' id='word_1_195' title='bbox 2451 1553 2634 1612; x_wconf 76' lang='grc' dir='ltr'><strong><em>Ὀάσιος,</em></strong></span> 
     </span>
     <span class='ocr_line' id='line_1_17' title="bbox 674 1636 2633 1699; baseline 0.001 -17"><span class='ocrx_word' id='word_1_196' title='bbox 674 1639 857 1699; x_wconf 82' lang='grc' dir='ltr'><strong><em>ἄριστον</em></strong></span> <span class='ocrx_word' id='word_1_197' title='bbox 890 1639 936 1681; x_wconf 74' lang='grc' dir='ltr'>δὲ</span> <span class='ocrx_word' id='word_1_198' title='bbox 971 1640 1277 1697; x_wconf 70' lang='grc' dir='ltr'><strong><em>αἱρεομένοισι</em></strong></span> <span class='ocrx_word' id='word_1_199' title='bbox 1311 1636 1476 1682; x_wconf 84' lang='grc' dir='ltr'><strong><em>αὐτοῖσι</em></strong></span> <span class='ocrx_word' id='word_1_200' title='bbox 1511 1637 1772 1680; x_wconf 76' lang='grc' dir='ltr'><strong><em>ἐπιπνεῦσαι</em></strong></span> <span class='ocrx_word' id='word_1_201' title='bbox 1807 1637 1940 1680; x_wconf 84' lang='grc' dir='ltr'><strong><em>νότον</em></strong></span> <span class='ocrx_word' id='word_1_202' title='bbox 1973 1664 2047 1680; x_wconf 88' lang='grc'>-.</span> <span class='ocrx_word' id='word_1_203' title='bbox 2082 1637 2165 1680; x_wconf 89' lang='lat' dir='ltr'>Hoc</span> <span class='ocrx_word' id='word_1_204' title='bbox 2200 1646 2333 1681; x_wconf 81' lang='lat' dir='ltr'>tamen</span> <span class='ocrx_word' id='word_1_205' title='bbox 2366 1638 2452 1681; x_wconf 78' lang='lat' dir='ltr'>loco</span> <span class='ocrx_word' id='word_1_206' title='bbox 2483 1638 2633 1689; x_wconf 71' lang='lat' dir='ltr'>Schw„</span> 
     </span>
     <span class='ocr_line' id='line_1_18' title="bbox 673 1717 2636 1781; baseline -0.001 -17"><span class='ocrx_word' id='word_1_207' title='bbox 673 1720 758 1781; x_wconf 71' lang='lat' dir='ltr'>sg„</span> <span class='ocrx_word' id='word_1_208' title='bbox 809 1719 885 1771; x_wconf 69' lang='lat' dir='ltr'>St„</span> <span class='ocrx_word' id='word_1_209' title='bbox 938 1718 1016 1762; x_wconf 86' lang='lat' dir='ltr'>Ab.</span> <span class='ocrx_word' id='word_1_210' title='bbox 1063 1718 1155 1763; x_wconf 91' lang='lat' dir='ltr'>illud</span> <span class='ocrx_word' id='word_1_211' title='bbox 1201 1718 1251 1761; x_wconf 81' lang='grc' dir='ltr'>δέ</span> <span class='ocrx_word' id='word_1_212' title='bbox 1280 1719 1662 1770; x_wconf 83' lang='lat' dir='ltr'>exterminaverunt,</span> <span class='ocrx_word' id='word_1_213' title='bbox 1699 1717 1870 1762; x_wconf 83' lang='lat' dir='ltr'>fortasse</span> <span class='ocrx_word' id='word_1_214' title='bbox 1902 1718 2010 1763; x_wconf 87' lang='lat' dir='ltr'>haud</span> <span class='ocrx_word' id='word_1_215' title='bbox 2046 1718 2132 1762; x_wconf 87' lang='lat' dir='ltr'>sine</span> <span class='ocrx_word' id='word_1_216' title='bbox 2161 1719 2274 1777; x_wconf 80' lang='lat' dir='ltr'>jure3</span> <span class='ocrx_word' id='word_1_217' title='bbox 2307 1718 2423 1763; x_wconf 86' lang='lat' dir='ltr'>abest</span> <span class='ocrx_word' id='word_1_218' title='bbox 2456 1719 2561 1763; x_wconf 90' lang='lat' dir='ltr'>enim</span> <span class='ocrx_word' id='word_1_219' title='bbox 2595 1720 2636 1763; x_wconf 90' lang='lat' dir='ltr'>in</span> 
     </span>
     <span class='ocr_line' id='line_1_19' title="bbox 673 1782 2637 1858; baseline -0.001 -14"><span class='ocrx_word' id='word_1_220' title='bbox 673 1800 809 1844; x_wconf 83' lang='lat' dir='ltr'>codice</span> <span class='ocrx_word' id='word_1_221' title='bbox 849 1798 1039 1842; x_wconf 86' lang='lat' dir='ltr'>Mediceo.</span> <span class='ocrx_word' id='word_1_222' title='bbox 1107 1799 1206 1848; x_wconf 81' lang='lat' dir='ltr'>vlll,</span> <span class='ocrx_word' id='word_1_223' title='bbox 1258 1801 1355 1849; x_wconf 90' lang='grc'>103,</span> <span class='ocrx_word' id='word_1_224' title='bbox 1375 1795 1527 1855; x_wconf 75' lang='grc' dir='ltr'><strong><em>ἽΙσθη</em></strong></span> <span class='ocrx_word' id='word_1_225' title='bbox 1562 1815 1604 1840; x_wconf 88' lang='grc' dir='ltr'><strong><em>τε</em></strong></span> <span class='ocrx_word' id='word_1_226' title='bbox 1640 1782 1695 1854; x_wconf 73' lang='grc' dir='ltr'>δή</span> <span class='ocrx_word' id='word_1_227' title='bbox 1729 1802 1780 1855; x_wconf 86' lang='grc' dir='ltr'>τῇ</span> <span class='ocrx_word' id='word_1_228' title='bbox 1813 1800 2068 1855; x_wconf 85' lang='grc' dir='ltr'><strong><em>συμβουλίῃ</em></strong></span> <span class='ocrx_word' id='word_1_229' title='bbox 2102 1798 2289 1855; x_wconf 82' lang='grc' dir='ltr'><strong><em>Ξέρξης,</em></strong></span> <span class='ocrx_word' id='word_1_230' title='bbox 2323 1799 2387 1842; x_wconf 90' lang='lat' dir='ltr'>cui</span> <span class='ocrx_word' id='word_1_231' title='bbox 2420 1800 2637 1858; x_wconf 88' lang='lat' dir='ltr'>respondet</span> 
     </span>
     <span class='ocr_line' id='line_1_20' title="bbox 673 1875 2637 1938; baseline 0 -15"><span class='ocrx_word' id='word_1_232' title='bbox 673 1879 911 1927; x_wconf 78' lang='grc' dir='ltr'><strong><em>ἐπαινέσας</em></strong></span> <span class='ocrx_word' id='word_1_233' title='bbox 958 1878 1003 1921; x_wconf 74' lang='grc' dir='ltr'>δὲ</span> <span class='ocrx_word' id='word_1_234' title='bbox 1058 1881 1136 1935; x_wconf 73' lang='grc' dir='ltr'>τήν</span> <span class='ocrx_word' id='word_1_235' title='bbox 1171 1875 1456 1935; x_wconf 70' lang='grc' dir='ltr'><strong><em>Ἀρτεμισίην</em></strong></span> <span class='ocrx_word' id='word_1_236' title='bbox 1502 1906 1559 1912; x_wconf 86' lang='lat'>-—</span> <span class='ocrx_word' id='word_1_237' title='bbox 1602 1875 1865 1922; x_wconf 70' lang='grc' dir='ltr'><strong><em>ἀποστέλλει</em></strong></span> <span class='ocrx_word' id='word_1_238' title='bbox 1910 1905 1983 1922; x_wconf 87' lang='lat'>——.</span> <span class='ocrx_word' id='word_1_239' title='bbox 2016 1880 2085 1930; x_wconf 78' lang='lat' dir='ltr'>lx,</span> <span class='ocrx_word' id='word_1_240' title='bbox 2128 1882 2195 1930; x_wconf 85' lang='grc'>19,</span> <span class='ocrx_word' id='word_1_241' title='bbox 2232 1878 2294 1927; x_wconf 76' lang='grc' dir='ltr'>ὥς</span> <span class='ocrx_word' id='word_1_242' title='bbox 2326 1879 2372 1921; x_wconf 76' lang='grc' dir='ltr'>δὲ</span> <span class='ocrx_word' id='word_1_243' title='bbox 2407 1877 2498 1938; x_wconf 77' lang='grc' dir='ltr'>ἄρα</span> <span class='ocrx_word' id='word_1_244' title='bbox 2530 1876 2637 1923; x_wconf 75' lang='grc' dir='ltr'><strong><em>ἀπί-</em></strong></span> 
     </span>
     <span class='ocr_line' id='line_1_21' title="bbox 674 1954 2638 2018; baseline 0 -16"><span class='ocrx_word' id='word_1_245' title='bbox 674 1975 806 2002; x_wconf 83' lang='grc' dir='ltr'><strong><em>κοντο</em></strong></span> <span class='ocrx_word' id='word_1_246' title='bbox 854 1961 930 2014; x_wconf 77' lang='grc' dir='ltr'>τῆς</span> <span class='ocrx_word' id='word_1_247' title='bbox 976 1962 1191 2015; x_wconf 85' lang='grc' dir='ltr'><strong><em>Βοιωτίης</em></strong></span> <span class='ocrx_word' id='word_1_248' title='bbox 1238 1958 1280 2006; x_wconf 86' lang='grc' dir='ltr'>ἐς</span> <span class='ocrx_word' id='word_1_249' title='bbox 1318 1954 1551 2016; x_wconf 73' lang='grc' dir='ltr'><strong><em>Ἐρυθρὰς,</em></strong></span> <span class='ocrx_word' id='word_1_250' title='bbox 1602 1958 1788 2013; x_wconf 76' lang='grc' dir='ltr'><strong><em>ἔμαθόν</em></strong></span> <span class='ocrx_word' id='word_1_251' title='bbox 1836 1975 1879 2001; x_wconf 84' lang='grc' dir='ltr'><strong><em>τε</em></strong></span> <span class='ocrx_word' id='word_1_252' title='bbox 1927 1959 1983 2015; x_wconf 80' lang='grc' dir='ltr'>δή</span> <span class='ocrx_word' id='word_1_253' title='bbox 2024 1960 2124 2006; x_wconf 81' lang='grc' dir='ltr'><strong><em>τοῦς</em></strong></span> <span class='ocrx_word' id='word_1_254' title='bbox 2162 1958 2431 2016; x_wconf 80' lang='grc' dir='ltr'><strong><em>βαρβάρους</em></strong></span> <span class='ocrx_word' id='word_1_255' title='bbox 2471 1958 2540 2002; x_wconf 80' lang='grc' dir='ltr'><strong><em>ἐπὶ</em></strong></span> <span class='ocrx_word' id='word_1_256' title='bbox 2573 1963 2638 2018; x_wconf 74' lang='grc' dir='ltr'>τῷ</span> 
     </span>
     <span class='ocr_line' id='line_1_22' title="bbox 667 2036 2635 2100; baseline 0.001 -17"><span class='ocrx_word' id='word_1_257' title='bbox 667 2036 872 2097; x_wconf 71' lang='grc' dir='ltr'><strong><em>Ἀσωπῷ</em></strong></span> <span class='ocrx_word' id='word_1_258' title='bbox 905 2040 1399 2097; x_wconf 80' lang='grc' dir='ltr'><strong><em>στρατοπεδευομένους,</em></strong></span> <span class='ocrx_word' id='word_1_259' title='bbox 1433 2041 1711 2096; x_wconf 79' lang='grc' dir='ltr'><strong><em>φρασθέντες</em></strong></span> <span class='ocrx_word' id='word_1_260' title='bbox 1745 2040 1791 2083; x_wconf 74' lang='grc' dir='ltr'>δὲ</span> <span class='ocrx_word' id='word_1_261' title='bbox 1825 2043 1951 2083; x_wconf 87' lang='grc' dir='ltr'><strong><em>τοῦτο</em></strong></span> <span class='ocrx_word' id='word_1_262' title='bbox 1989 2036 2300 2083; x_wconf 73' lang='grc' dir='ltr'><strong><em>ἀντετάσσοντο</em></strong></span> <span class='ocrx_word' id='word_1_263' title='bbox 2324 2067 2398 2083; x_wconf 91' lang='grc'>-.</span> <span class='ocrx_word' id='word_1_264' title='bbox 2422 2039 2490 2084; x_wconf 93' lang='lat' dir='ltr'>Sic</span> <span class='ocrx_word' id='word_1_265' title='bbox 2511 2056 2635 2100; x_wconf 84' lang='lat' dir='ltr'>prae-</span> 
     </span>
     <span class='ocr_line' id='line_1_23' title="bbox 675 2120 2637 2181; baseline 0.001 -17"><span class='ocrx_word' id='word_1_266' title='bbox 675 2128 738 2164; x_wconf 90' lang='lat' dir='ltr'>ter</span> <span class='ocrx_word' id='word_1_267' title='bbox 770 2120 1021 2165; x_wconf 84' lang='lat' dir='ltr'>Dietschinm</span> <span class='ocrx_word' id='word_1_268' title='bbox 1053 2120 1191 2179; x_wconf 82' lang='lat' dir='ltr'>legunt</span> <span class='ocrx_word' id='word_1_269' title='bbox 1223 2120 1310 2164; x_wconf 84' lang='lat' dir='ltr'>Joh.</span> <span class='ocrx_word' id='word_1_270' title='bbox 1344 2129 1382 2164; x_wconf 78' lang='lat' dir='ltr'>et</span> <span class='ocrx_word' id='word_1_271' title='bbox 1416 2120 1516 2175; x_wconf 57' lang='grc' dir='ltr'>ΑΙ»,</span> <span class='ocrx_word' id='word_1_272' title='bbox 1552 2120 1692 2179; x_wconf 86' lang='lat' dir='ltr'>reliqui</span> <span class='ocrx_word' id='word_1_273' title='bbox 1728 2128 1772 2164; x_wconf 85' lang='grc' dir='ltr'>τέ</span> <span class='ocrx_word' id='word_1_274' title='bbox 1803 2136 1877 2180; x_wconf 90' lang='lat' dir='ltr'>pro</span> <span class='ocrx_word' id='word_1_275' title='bbox 1912 2120 1974 2165; x_wconf 78' lang='grc' dir='ltr'>δέ.</span> <span class='ocrx_word' id='word_1_276' title='bbox 2043 2120 2189 2165; x_wconf 76' lang='lat' dir='ltr'>Exstat</span> <span class='ocrx_word' id='word_1_277' title='bbox 2222 2127 2357 2165; x_wconf 80' lang='lat' dir='ltr'>tamen</span> <span class='ocrx_word' id='word_1_278' title='bbox 2381 2120 2479 2165; x_wconf 87' lang='lat' dir='ltr'>haec</span> <span class='ocrx_word' id='word_1_279' title='bbox 2503 2120 2637 2181; x_wconf 87' lang='lat' dir='ltr'>serip-</span> 
     </span>
     <span class='ocr_line' id='line_1_24' title="bbox 675 2199 2637 2259; baseline 0.001 -15"><span class='ocrx_word' id='word_1_280' title='bbox 675 2209 781 2251; x_wconf 84' lang='lat' dir='ltr'>tura,</span> <span class='ocrx_word' id='word_1_281' title='bbox 834 2207 878 2244; x_wconf 93' lang='lat' dir='ltr'>ut</span> <span class='ocrx_word' id='word_1_282' title='bbox 918 2199 1055 2244; x_wconf 82' lang='lat' dir='ltr'>Schw.</span> <span class='ocrx_word' id='word_1_283' title='bbox 1098 2208 1237 2243; x_wconf 86' lang='lat' dir='ltr'>auctor</span> <span class='ocrx_word' id='word_1_284' title='bbox 1269 2208 1342 2251; x_wconf 82' lang='lat' dir='ltr'>est,</span> <span class='ocrx_word' id='word_1_285' title='bbox 1376 2201 1417 2243; x_wconf 88' lang='lat' dir='ltr'>in</span> <span class='ocrx_word' id='word_1_286' title='bbox 1450 2200 1583 2244; x_wconf 77' lang='lat' dir='ltr'>codice</span> <span class='ocrx_word' id='word_1_287' title='bbox 1617 2201 1873 2245; x_wconf 89' lang='lat' dir='ltr'>Florentimo.</span> <span class='ocrx_word' id='word_1_288' title='bbox 1938 2201 2040 2245; x_wconf 89' lang='lat' dir='ltr'>Utut</span> <span class='ocrx_word' id='word_1_289' title='bbox 2072 2216 2168 2245; x_wconf 90' lang='lat' dir='ltr'>vero</span> <span class='ocrx_word' id='word_1_290' title='bbox 2202 2201 2424 2259; x_wconf 78' lang='lat' dir='ltr'>scripturae</span> <span class='ocrx_word' id='word_1_291' title='bbox 2455 2202 2637 2247; x_wconf 91' lang='lat' dir='ltr'>codicum</span> 
     </span>
     <span class='ocr_line' id='line_1_25' title="bbox 676 2280 2636 2340; baseline 0.002 -16"><span class='ocrx_word' id='word_1_292' title='bbox 676 2296 721 2325; x_wconf 92' lang='lat' dir='ltr'>se</span> <span class='ocrx_word' id='word_1_293' title='bbox 760 2281 923 2330; x_wconf 87' lang='lat' dir='ltr'>habent,</span> <span class='ocrx_word' id='word_1_294' title='bbox 970 2280 1064 2323; x_wconf 92' lang='lat' dir='ltr'>illud</span> <span class='ocrx_word' id='word_1_295' title='bbox 1101 2282 1377 2336; x_wconf 71' lang='grc' dir='ltr'><strong><em>φρασθέντες</em></strong></span> <span class='ocrx_word' id='word_1_296' title='bbox 1408 2280 1457 2323; x_wconf 74' lang='grc' dir='ltr'>δέ</span> <span class='ocrx_word' id='word_1_297' title='bbox 1487 2296 1510 2324; x_wconf 87' lang='lat' dir='ltr'>a</span> <span class='ocrx_word' id='word_1_298' title='bbox 1545 2296 1730 2325; x_wconf 86' lang='lat' dir='ltr'>sermone</span> <span class='ocrx_word' id='word_1_299' title='bbox 1762 2281 1988 2326; x_wconf 81' lang='lat' dir='ltr'>Herodoteo</span> <span class='ocrx_word' id='word_1_300' title='bbox 2022 2281 2183 2325; x_wconf 88' lang='lat' dir='ltr'>minime</span> <span class='ocrx_word' id='word_1_301' title='bbox 2215 2281 2418 2332; x_wconf 84' lang='lat' dir='ltr'>abhorret,</span> <span class='ocrx_word' id='word_1_302' title='bbox 2455 2280 2494 2325; x_wconf 93' lang='lat' dir='ltr'>id</span> <span class='ocrx_word' id='word_1_303' title='bbox 2527 2282 2636 2340; x_wconf 90' lang='lat' dir='ltr'>quod</span> 
     </span>
     <span class='ocr_line' id='line_1_26' title="bbox 672 2359 2635 2419; baseline 0.001 -14"><span class='ocrx_word' id='word_1_304' title='bbox 672 2377 724 2405; x_wconf 90' lang='lat' dir='ltr'>ex</span> <span class='ocrx_word' id='word_1_305' title='bbox 764 2360 902 2405; x_wconf 88' lang='lat' dir='ltr'>multis</span> <span class='ocrx_word' id='word_1_306' title='bbox 943 2359 1138 2419; x_wconf 87' lang='lat' dir='ltr'>exemplis</span> <span class='ocrx_word' id='word_1_307' title='bbox 1171 2360 1269 2403; x_wconf 74' lang='lat' dir='ltr'>llaec</span> <span class='ocrx_word' id='word_1_308' title='bbox 1302 2369 1459 2404; x_wconf 83' lang='lat' dir='ltr'>tantum</span> <span class='ocrx_word' id='word_1_309' title='bbox 1492 2362 1703 2406; x_wconf 80' lang='lat' dir='ltr'>conferens</span> <span class='ocrx_word' id='word_1_310' title='bbox 1736 2362 1915 2407; x_wconf 87' lang='lat' dir='ltr'>invenies</span> <span class='ocrx_word' id='word_1_311' title='bbox 1950 2362 1978 2413; x_wconf 87' lang='lat'>1,</span> <span class='ocrx_word' id='word_1_312' title='bbox 2016 2365 2057 2412; x_wconf 91' lang='lat'>8,</span> <span class='ocrx_word' id='word_1_313' title='bbox 2093 2362 2200 2415; x_wconf 82' lang='lat' dir='ltr'>init.;</span> <span class='ocrx_word' id='word_1_314' title='bbox 2234 2362 2262 2412; x_wconf 90' lang='lat' dir='ltr'>l,</span> <span class='ocrx_word' id='word_1_315' title='bbox 2305 2364 2403 2413; x_wconf 89' lang='grc'>189,</span> <span class='ocrx_word' id='word_1_316' title='bbox 2439 2362 2534 2416; x_wconf 85' lang='lat' dir='ltr'>fin.;</span> <span class='ocrx_word' id='word_1_317' title='bbox 2570 2363 2635 2414; x_wconf 79' lang='lat' dir='ltr'>vl,</span> 
     </span>
     <span class='ocr_line' id='line_1_27' title="bbox 680 2437 2636 2499; baseline 0 -15"><span class='ocrx_word' id='word_1_318' title='bbox 680 2443 790 2495; x_wconf 83' lang='grc'>118;</span> <span class='ocrx_word' id='word_1_319' title='bbox 842 2440 911 2492; x_wconf 87' lang='grc' dir='ltr'>ΙΧ,</span> <span class='ocrx_word' id='word_1_320' title='bbox 965 2442 1006 2492; x_wconf 75' lang='lat'>2,</span> <span class='ocrx_word' id='word_1_321' title='bbox 1057 2440 1153 2495; x_wconf 83' lang='lat' dir='ltr'>fin.;</span> <span class='ocrx_word' id='word_1_322' title='bbox 1195 2440 1264 2491; x_wconf 84' lang='lat' dir='ltr'>lx,</span> <span class='ocrx_word' id='word_1_323' title='bbox 1315 2442 1381 2491; x_wconf 85' lang='grc'>11,</span> <span class='ocrx_word' id='word_1_324' title='bbox 1424 2442 1493 2486; x_wconf 79' lang='lat' dir='ltr'>lin.</span> <span class='ocrx_word' id='word_1_325' title='bbox 1558 2443 1626 2494; x_wconf 90' lang='lat' dir='ltr'>lX,</span> <span class='ocrx_word' id='word_1_326' title='bbox 1664 2442 1736 2493; x_wconf 78' lang='lat'>57,</span> <span class='ocrx_word' id='word_1_327' title='bbox 1765 2437 2121 2499; x_wconf 79' lang='grc' dir='ltr'><strong><em>Ἀμομφάρετος</em></strong></span> <span class='ocrx_word' id='word_1_328' title='bbox 2152 2440 2197 2484; x_wconf 78' lang='grc' dir='ltr'>δὶ-</span> <span class='ocrx_word' id='word_1_329' title='bbox 2232 2437 2373 2499; x_wconf 76' lang='grc' dir='ltr'><strong><em>οἷρχήν</em></strong></span> <span class='ocrx_word' id='word_1_330' title='bbox 2404 2456 2449 2484; x_wconf 82' lang='grc' dir='ltr'><strong><em>τε</em></strong></span> <span class='ocrx_word' id='word_1_331' title='bbox 2484 2468 2544 2473; x_wconf 85' lang='lat'>—</span> <span class='ocrx_word' id='word_1_332' title='bbox 2579 2469 2636 2474; x_wconf 97' lang='lat'><strong>—</strong></span> 
     </span>
     <span class='ocr_line' id='line_1_28' title="bbox 673 2520 2635 2580; baseline 0.001 -16"><span class='ocrx_word' id='word_1_333' title='bbox 673 2527 935 2580; x_wconf 78' lang='grc' dir='ltr'><strong><em>περιείχετο</em></strong></span> <span class='ocrx_word' id='word_1_334' title='bbox 969 2548 1030 2553; x_wconf 83' lang='grc'>-</span> <span class='ocrx_word' id='word_1_335' title='bbox 1079 2523 1145 2577; x_wconf 79' lang='grc' dir='ltr'><em>μή</em></span> <span class='ocrx_word' id='word_1_336' title='bbox 1188 2520 1385 2564; x_wconf 72' lang='grc' dir='ltr'><strong><em>ἐκλιπεῖν</em></strong></span> <span class='ocrx_word' id='word_1_337' title='bbox 1428 2525 1502 2578; x_wconf 69' lang='grc' dir='ltr'>τήν</span> <span class='ocrx_word' id='word_1_338' title='bbox 1533 2526 1669 2574; x_wconf 75' lang='grc' dir='ltr'><strong><em>τάξιν.</em></strong></span> <span class='ocrx_word' id='word_1_339' title='bbox 1705 2524 2036 2580; x_wconf 79' lang='grc' dir='ltr'><strong><em>προτερεόντων</em></strong></span> <span class='ocrx_word' id='word_1_340' title='bbox 2070 2522 2117 2564; x_wconf 75' lang='grc' dir='ltr'>δὲ</span> <span class='ocrx_word' id='word_1_341' title='bbox 2150 2525 2239 2564; x_wconf 76' lang='grc' dir='ltr'>τῶν</span> <span class='ocrx_word' id='word_1_342' title='bbox 2271 2525 2352 2565; x_wconf 83' lang='grc' dir='ltr'><strong><em>σῠν</em></strong></span> <span class='ocrx_word' id='word_1_343' title='bbox 2385 2526 2635 2580; x_wconf 81' lang='grc' dir='ltr'><strong><em>Παυσανίῃ,</em></strong></span> 
     </span>
     <span class='ocr_line' id='line_1_29' title="bbox 674 2596 1836 2662; baseline 0.003 -20"><span class='ocrx_word' id='word_1_344' title='bbox 674 2627 738 2633; x_wconf 92' lang='lat'>——</span> <span class='ocrx_word' id='word_1_345' title='bbox 770 2627 832 2632; x_wconf 92' lang='lat'>—</span> <span class='ocrx_word' id='word_1_346' title='bbox 867 2596 949 2657; x_wconf 77' lang='grc' dir='ltr'>ἦγε</span> <span class='ocrx_word' id='word_1_347' title='bbox 983 2627 1059 2653; x_wconf 87' lang='grc'>-,</span> <span class='ocrx_word' id='word_1_348' title='bbox 1095 2600 1165 2644; x_wconf 91' lang='lat' dir='ltr'>ubi</span> <span class='ocrx_word' id='word_1_349' title='bbox 1198 2600 1268 2644; x_wconf 87' lang='lat' dir='ltr'>Kr.</span> <span class='ocrx_word' id='word_1_350' title='bbox 1303 2600 1395 2644; x_wconf 90' lang='lat' dir='ltr'>illud</span> <span class='ocrx_word' id='word_1_351' title='bbox 1430 2608 1477 2643; x_wconf 87' lang='grc' dir='ltr'>τέ</span> <span class='ocrx_word' id='word_1_352' title='bbox 1508 2602 1836 2662; x_wconf 81' lang='lat' dir='ltr'>circumscripsit.</span> 
     </span>
    </p>

    <p class='ocr_par' dir='ltr' id='par_1_3' title="bbox 675 2679 2642 3150">
     <span class='ocr_line' id='line_1_30' title="bbox 798 2679 2639 2742; baseline 0.001 -17"><span class='ocrx_word' id='word_1_353' title='bbox 798 2680 952 2725; x_wconf 90' lang='lat' dir='ltr'>Deinde</span> <span class='ocrx_word' id='word_1_354' title='bbox 1000 2679 1259 2739; x_wconf 79' lang='lat' dir='ltr'>reperiuntur</span> <span class='ocrx_word' id='word_1_355' title='bbox 1308 2680 1391 2731; x_wconf 84' lang='lat' dir='ltr'>loci,</span> <span class='ocrx_word' id='word_1_356' title='bbox 1437 2680 1504 2724; x_wconf 82' lang='lat' dir='ltr'>ubi</span> <span class='ocrx_word' id='word_1_357' title='bbox 1553 2679 1647 2725; x_wconf 83' lang='grc' dir='ltr'><strong><em>οὔτε·</em></strong></span> <span class='ocrx_word' id='word_1_358' title='bbox 1681 2690 1719 2726; x_wconf 85' lang='lat' dir='ltr'>et</span> <span class='ocrx_word' id='word_1_359' title='bbox 1752 2681 1803 2726; x_wconf 80' lang='grc' dir='ltr'>δέ</span> <span class='ocrx_word' id='word_1_360' title='bbox 1831 2681 1935 2725; x_wconf 87' lang='lat' dir='ltr'>inter</span> <span class='ocrx_word' id='word_1_361' title='bbox 1969 2696 2012 2725; x_wconf 89' lang='lat' dir='ltr'>se</span> <span class='ocrx_word' id='word_1_362' title='bbox 2044 2681 2300 2742; x_wconf 84' lang='lat' dir='ltr'>respondent,</span> <span class='ocrx_word' id='word_1_363' title='bbox 2335 2681 2364 2733; x_wconf 89' lang='lat' dir='ltr'>l,</span> <span class='ocrx_word' id='word_1_364' title='bbox 2406 2684 2505 2734; x_wconf 88' lang='grc'>108,</span> <span class='ocrx_word' id='word_1_365' title='bbox 2542 2680 2639 2727; x_wconf 76' lang='grc' dir='ltr'><strong><em>οὔτε</em></strong></span> 
     </span>
     <span class='ocr_line' id='line_1_31' title="bbox 676 2756 2642 2821; baseline 0 -17"><span class='ocrx_word' id='word_1_366' title='bbox 676 2758 840 2804; x_wconf 77' lang='grc' dir='ltr'><strong><em>ἄλλοτέ</em></strong></span> <span class='ocrx_word' id='word_1_367' title='bbox 879 2774 946 2802; x_wconf 85' lang='grc' dir='ltr'>κω</span> <span class='ocrx_word' id='word_1_368' title='bbox 980 2759 1188 2820; x_wconf 80' lang='grc' dir='ltr'><strong><em>παρεῖδες</em></strong></span> <span class='ocrx_word' id='word_1_369' title='bbox 1220 2756 1348 2821; x_wconf 72' lang='grc' dir='ltr'><strong><em>ἀνδρὶ</em></strong></span> <span class='ocrx_word' id='word_1_370' title='bbox 1381 2760 1491 2820; x_wconf 74' lang='grc' dir='ltr'><strong><em>τῷδε</em></strong></span> <span class='ocrx_word' id='word_1_371' title='bbox 1527 2759 1659 2821; x_wconf 80' lang='grc' dir='ltr'><strong><em>ἄχαρι</em></strong></span> <span class='ocrx_word' id='word_1_372' title='bbox 1693 2758 1835 2816; x_wconf 72' lang='grc' dir='ltr'><strong><em>οὐδὲν,</em></strong></span> <span class='ocrx_word' id='word_1_373' title='bbox 1879 2760 2216 2818; x_wconf 74' lang='grc' dir='ltr'><strong><em>φυλασσόμεθα</em></strong></span> <span class='ocrx_word' id='word_1_374' title='bbox 2259 2761 2305 2804; x_wconf 73' lang='grc' dir='ltr'>δὲ</span> <span class='ocrx_word' id='word_1_375' title='bbox 2339 2760 2382 2809; x_wconf 82' lang='grc' dir='ltr'>ἐς</span> <span class='ocrx_word' id='word_1_376' title='bbox 2412 2764 2459 2803; x_wconf 76' lang='grc' dir='ltr'><strong><em>σὲ</em></strong></span> <span class='ocrx_word' id='word_1_377' title='bbox 2492 2766 2565 2804; x_wconf 79' lang='grc' dir='ltr'>καὶ</span> <span class='ocrx_word' id='word_1_378' title='bbox 2599 2761 2642 2810; x_wconf 81' lang='grc' dir='ltr'>ἐς</span> 
     </span>
     <span class='ocr_line' id='line_1_32' title="bbox 675 2840 2640 2900; baseline 0.001 -14"><span class='ocrx_word' id='word_1_379' title='bbox 675 2844 753 2886; x_wconf 86' lang='grc' dir='ltr'>τόν</span> <span class='ocrx_word' id='word_1_380' title='bbox 801 2847 1057 2898; x_wconf 83' lang='grc' dir='ltr'><strong><em>μετέπειτεν</em></strong></span> <span class='ocrx_word' id='word_1_381' title='bbox 1099 2842 1271 2899; x_wconf 84' lang='grc' dir='ltr'><strong><em>χρόνον</em></strong></span> <span class='ocrx_word' id='word_1_382' title='bbox 1318 2841 1464 2898; x_wconf 75' lang='grc' dir='ltr'><strong><em>μηδὲν</em></strong></span> <span class='ocrx_word' id='word_1_383' title='bbox 1505 2840 1777 2900; x_wconf 78' lang='grc' dir='ltr'><strong><em>ἐξαμαρτεῖν.</em></strong></span> <span class='ocrx_word' id='word_1_384' title='bbox 1843 2843 1904 2887; x_wconf 91' lang='lat' dir='ltr'>St.</span> <span class='ocrx_word' id='word_1_385' title='bbox 1950 2843 2043 2888; x_wconf 90' lang='lat' dir='ltr'>illud</span> <span class='ocrx_word' id='word_1_386' title='bbox 2087 2842 2138 2886; x_wconf 81' lang='grc' dir='ltr'>δέ</span> <span class='ocrx_word' id='word_1_387' title='bbox 2177 2842 2218 2886; x_wconf 91' lang='lat' dir='ltr'>in</span> <span class='ocrx_word' id='word_1_388' title='bbox 2252 2848 2299 2885; x_wconf 88' lang='grc' dir='ltr'>τέ</span> <span class='ocrx_word' id='word_1_389' title='bbox 2328 2842 2430 2886; x_wconf 85' lang='lat' dir='ltr'>male</span> <span class='ocrx_word' id='word_1_390' title='bbox 2463 2843 2640 2888; x_wconf 87' lang='lat' dir='ltr'>mutavit.</span> 
     </span>
     <span class='ocr_line' id='line_1_33' title="bbox 676 2918 2640 2982; baseline -0.001 -15"><span class='ocrx_word' id='word_1_391' title='bbox 676 2923 760 2974; x_wconf 85' lang='lat' dir='ltr'>Vll,</span> <span class='ocrx_word' id='word_1_392' title='bbox 817 2922 887 2973; x_wconf 76' lang='lat'>49,</span> <span class='ocrx_word' id='word_1_393' title='bbox 941 2924 975 2972; x_wconf 84' lang='lat' dir='ltr'>l,</span> <span class='ocrx_word' id='word_1_394' title='bbox 1024 2923 1064 2972; x_wconf 77' lang='lat'>2,</span> <span class='ocrx_word' id='word_1_395' title='bbox 1110 2919 1210 2964; x_wconf 80' lang='grc' dir='ltr'><strong><em>οὔτε</em></strong></span> <span class='ocrx_word' id='word_1_396' title='bbox 1252 2923 1341 2980; x_wconf 71' lang='grc' dir='ltr'><strong><em>γὰρ</em></strong></span> <span class='ocrx_word' id='word_1_397' title='bbox 1386 2924 1461 2978; x_wconf 83' lang='grc' dir='ltr'>τῆς</span> <span class='ocrx_word' id='word_1_398' title='bbox 1503 2923 1738 2981; x_wconf 74' lang='grc' dir='ltr'><strong><em>θαλάσσης</em></strong></span> <span class='ocrx_word' id='word_1_399' title='bbox 1767 2924 1852 2969; x_wconf 78' lang='grc' dir='ltr'><strong><em>ἐστὶ</em></strong></span> <span class='ocrx_word' id='word_1_400' title='bbox 1884 2926 2027 2982; x_wconf 73' lang='grc' dir='ltr'><strong><em>λιμήν</em></strong></span> <span class='ocrx_word' id='word_1_401' title='bbox 2056 2925 2264 2971; x_wconf 82' lang='grc' dir='ltr'><strong><em>τοσοῦτος</em></strong></span> <span class='ocrx_word' id='word_1_402' title='bbox 2297 2918 2546 2979; x_wconf 75' lang='grc' dir='ltr'><strong><em>οὐδαμόθι,</em></strong></span> <span class='ocrx_word' id='word_1_403' title='bbox 2580 2950 2640 2955; x_wconf 83' lang='lat'>-—</span> 
     </span>
     <span class='ocr_line' id='line_1_34' title="bbox 678 3001 2637 3063; baseline 0.001 -16"><span class='ocrx_word' id='word_1_404' title='bbox 678 3030 753 3047; x_wconf 86' lang='lat'>—.</span> <span class='ocrx_word' id='word_1_405' title='bbox 788 3005 849 3060; x_wconf 80' lang='grc' dir='ltr'>γῆ</span> <span class='ocrx_word' id='word_1_406' title='bbox 882 3001 928 3046; x_wconf 71' lang='grc' dir='ltr'>δὲ</span> <span class='ocrx_word' id='word_1_407' title='bbox 965 3002 1165 3058; x_wconf 80' lang='grc' dir='ltr'><strong><em>πολεμίη</em></strong></span> <span class='ocrx_word' id='word_1_408' title='bbox 1199 3001 1303 3059; x_wconf 71' lang='grc' dir='ltr'><strong><em>τῇδέ</em></strong></span> <span class='ocrx_word' id='word_1_409' title='bbox 1332 3016 1398 3045; x_wconf 87' lang='grc' dir='ltr'><strong><em>τοι</em></strong></span> <span class='ocrx_word' id='word_1_410' title='bbox 1422 3008 1683 3057; x_wconf 73' lang='grc' dir='ltr'><strong><em>κατίσταται,</em></strong></span> <span class='ocrx_word' id='word_1_411' title='bbox 1706 3019 1826 3063; x_wconf 87' lang='lat' dir='ltr'>quem</span> <span class='ocrx_word' id='word_1_412' title='bbox 1849 3005 1980 3050; x_wconf 89' lang='lat' dir='ltr'>locum</span> <span class='ocrx_word' id='word_1_413' title='bbox 1998 3005 2081 3063; x_wconf 81' lang='lat' dir='ltr'>jam</span> <span class='ocrx_word' id='word_1_414' title='bbox 2105 3010 2240 3063; x_wconf 82' lang='lat' dir='ltr'>supra,</span> <span class='ocrx_word' id='word_1_415' title='bbox 2265 3017 2356 3062; x_wconf 85' lang='lat' dir='ltr'>pag.</span> <span class='ocrx_word' id='word_1_416' title='bbox 2383 3005 2453 3054; x_wconf 81' lang='lat'>59,</span> <span class='ocrx_word' id='word_1_417' title='bbox 2478 3003 2570 3048; x_wconf 85' lang='lat' dir='ltr'>adn.</span> <span class='ocrx_word' id='word_1_418' title='bbox 2598 3008 2637 3055; x_wconf 88' lang='lat'>8,</span> 
     </span>
     <span class='ocr_line' id='line_1_35' title="bbox 675 3079 2641 3150; baseline 0 -22"><span class='ocrx_word' id='word_1_419' title='bbox 675 3084 895 3143; x_wconf 82' lang='lat' dir='ltr'>attigimus.</span> <span class='ocrx_word' id='word_1_420' title='bbox 960 3084 1062 3136; x_wconf 89' lang='lat' dir='ltr'>VIII,</span> <span class='ocrx_word' id='word_1_421' title='bbox 1105 3083 1204 3134; x_wconf 69' lang='lat'>442,</span> <span class='ocrx_word' id='word_1_422' title='bbox 1240 3109 1303 3115; x_wconf 93' lang='lat'>--</span> <span class='ocrx_word' id='word_1_423' title='bbox 1334 3081 1512 3138; x_wconf 82' lang='grc' dir='ltr'><strong><em>κόσμον</em></strong></span> <span class='ocrx_word' id='word_1_424' title='bbox 1544 3090 1684 3142; x_wconf 84' lang='grc' dir='ltr'><strong><em>φέρον</em></strong></span> <span class='ocrx_word' id='word_1_425' title='bbox 1716 3082 1812 3129; x_wconf 76' lang='grc' dir='ltr'><strong><em>οὔτε</em></strong></span> <span class='ocrx_word' id='word_1_426' title='bbox 1846 3101 1897 3141; x_wconf 81' lang='grc' dir='ltr'><strong><em>γε</em></strong></span> <span class='ocrx_word' id='word_1_427' title='bbox 1931 3083 2111 3129; x_wconf 78' lang='grc' dir='ltr'><strong><em>ἄλλοισι</em></strong></span> <span class='ocrx_word' id='word_1_428' title='bbox 2137 3082 2363 3150; x_wconf 61' lang='grc' dir='ltr'><strong><em>Ἑλλήνων</em></strong></span> <span class='ocrx_word' id='word_1_429' title='bbox 2385 3079 2641 3141; x_wconf 83' lang='grc' dir='ltr'><strong><em>οὐδαμοῖσι,</em></strong></span> 
     </span>
    </p>
   </div>
  </div>
 </body>
</html>
