<?xml version="1.0" encoding="UTF-8"?>
<!DOCTYPE html PUBLIC "-//W3C//DTD XHTML 1.0 Transitional//EN"
    "http://www.w3.org/TR/xhtml1/DTD/xhtml1-transitional.dtd">
<html xmlns="http://www.w3.org/1999/xhtml" xml:lang="en" lang="en">
 <head>
  <title>
</title>
<meta http-equiv="Content-Type" content="text/html;charset=utf-8" />
  <meta name='ocr-system' content='tesseract 3.04.00' />
  <meta name='ocr-capabilities' content='ocr_page ocr_carea ocr_par ocr_line ocrx_word'/>
</head>
<body>
  <div class='ocr_page' id='page_1' title='image "./4771381_0056.png"; bbox 0 0 2941 3765; ppageno 0'>
   <div class='ocr_carea' id='block_1_1' title="bbox 662 321 1798 371">
    <p class='ocr_par' dir='ltr' id='par_1_1' title="bbox 662 321 1798 371">
     <span class='ocr_line' id='line_1_1' title="bbox 662 321 1798 371; baseline -0.004 3"><span class='ocrx_word' id='word_1_1' title='bbox 662 321 717 366; x_wconf 57' lang='lat'>‘46</span> <span class='ocrx_word' id='word_1_2' title='bbox 1493 340 1526 371; x_wconf 88' lang='lat' dir='ltr'>S.</span> <span class='ocrx_word' id='word_1_3' title='bbox 1552 340 1591 371; x_wconf 88' lang='lat' dir='ltr'>E.</span> <span class='ocrx_word' id='word_1_4' title='bbox 1616 339 1798 371; x_wconf 82' lang='lat' dir='ltr'>Melander.</span> 
     </span>
    </p>
   </div>
   <div class='ocr_carea' id='block_1_2' title="bbox 657 443 2631 2362">
    <p class='ocr_par' dir='ltr' id='par_1_2' title="bbox 657 443 2631 1873">
     <span class='ocr_line' id='line_1_2' title="bbox 657 443 2628 505; baseline -0.001 -15"><span class='ocrx_word' id='word_1_5' title='bbox 657 448 800 505; x_wconf 87' lang='lat' dir='ltr'>capitis</span> <span class='ocrx_word' id='word_1_6' title='bbox 832 450 933 494; x_wconf 77' lang='grc' dir='ltr'>τούς</span> <span class='ocrx_word' id='word_1_7' title='bbox 964 447 1009 489; x_wconf 73' lang='grc' dir='ltr'>δὲ</span> <span class='ocrx_word' id='word_1_8' title='bbox 1045 443 1160 489; x_wconf 73' lang='grc' dir='ltr'>οὕτω</span> <span class='ocrx_word' id='word_1_9' title='bbox 1195 447 1250 502; x_wconf 74' lang='grc' dir='ltr'>δή</span> <span class='ocrx_word' id='word_1_10' title='bbox 1284 446 1621 503; x_wconf 72' lang='grc' dir='ltr'>ἐκχωρήσαντας</span> <span class='ocrx_word' id='word_1_11' title='bbox 1651 446 1770 489; x_wconf 81' lang='grc' dir='ltr'><em>ἄλλα</em></span> <span class='ocrx_word' id='word_1_12' title='bbox 1803 462 1845 489; x_wconf 76' lang='grc' dir='ltr'>τε</span> <span class='ocrx_word' id='word_1_13' title='bbox 1879 450 2000 502; x_wconf 67' lang='grc' dir='ltr'><em>σχεῖν</em></span> <span class='ocrx_word' id='word_1_14' title='bbox 2024 452 2177 503; x_wconf 82' lang='grc' dir='ltr'><em>χωρία</em></span> <span class='ocrx_word' id='word_1_15' title='bbox 2209 450 2282 488; x_wconf 71' lang='grc' dir='ltr'><em>καὶ</em></span> <span class='ocrx_word' id='word_1_16' title='bbox 2323 445 2379 502; x_wconf 69' lang='grc' dir='ltr'>δή</span> <span class='ocrx_word' id='word_1_17' title='bbox 2419 450 2494 489; x_wconf 77' lang='grc' dir='ltr'><em>καὶ</em></span> <span class='ocrx_word' id='word_1_18' title='bbox 2532 447 2628 503; x_wconf 80' lang='grc' dir='ltr'>Λῆ-</span> 
     </span>
     <span class='ocr_line' id='line_1_3' title="bbox 657 518 2630 587; baseline -0.001 -18"><span class='ocrx_word' id='word_1_19' title='bbox 657 542 791 584; x_wconf 87' lang='grc' dir='ltr'><em>μνον,</em></span> <span class='ocrx_word' id='word_1_20' title='bbox 842 534 888 570; x_wconf 90' lang='lat' dir='ltr'>ut</span> <span class='ocrx_word' id='word_1_21' title='bbox 930 526 1002 570; x_wconf 90' lang='lat' dir='ltr'>Kr.</span> <span class='ocrx_word' id='word_1_22' title='bbox 1037 526 1189 576; x_wconf 89' lang='lat' dir='ltr'>statuit,</span> <span class='ocrx_word' id='word_1_23' title='bbox 1227 527 1286 570; x_wconf 90' lang='lat' dir='ltr'>vel</span> <span class='ocrx_word' id='word_1_24' title='bbox 1319 541 1370 569; x_wconf 87' lang='lat' dir='ltr'>ex</span> <span class='ocrx_word' id='word_1_25' title='bbox 1404 526 1514 569; x_wconf 89' lang='lat' dir='ltr'>initio</span> <span class='ocrx_word' id='word_1_26' title='bbox 1546 526 1832 587; x_wconf 87' lang='lat' dir='ltr'>consequentis</span> <span class='ocrx_word' id='word_1_27' title='bbox 1865 526 1918 569; x_wconf 72' lang='lat'>02</span> <span class='ocrx_word' id='word_1_28' title='bbox 1953 524 1999 568; x_wconf 73' lang='grc' dir='ltr'>δὲ</span> <span class='ocrx_word' id='word_1_29' title='bbox 2034 526 2264 581; x_wconf 81' lang='grc' dir='ltr'><em>Πελασγοὶ</em></span> <span class='ocrx_word' id='word_1_30' title='bbox 2295 518 2417 569; x_wconf 77' lang='grc' dir='ltr'><em>οὗτοι</em></span> <span class='ocrx_word' id='word_1_31' title='bbox 2439 526 2630 583; x_wconf 83' lang='grc' dir='ltr'><em>Λῆμνον</em></span> 
     </span>
     <span class='ocr_line' id='line_1_4' title="bbox 657 605 2628 664; baseline -0.001 -14"><span class='ocrx_word' id='word_1_32' title='bbox 657 607 752 651; x_wconf 84' lang='grc' dir='ltr'><em>τότε</em></span> <span class='ocrx_word' id='word_1_33' title='bbox 787 607 1038 661; x_wconf 77' lang='grc' dir='ltr'><em>νεμόμενοι</em></span> <span class='ocrx_word' id='word_1_34' title='bbox 1072 633 1148 658; x_wconf 85' lang='lat'>—,</span> <span class='ocrx_word' id='word_1_35' title='bbox 1182 614 1228 649; x_wconf 89' lang='lat' dir='ltr'>ut</span> <span class='ocrx_word' id='word_1_36' title='bbox 1260 606 1350 649; x_wconf 83' lang='lat' dir='ltr'>Joh.</span> <span class='ocrx_word' id='word_1_37' title='bbox 1384 613 1424 649; x_wconf 95' lang='lat' dir='ltr'>et</span> <span class='ocrx_word' id='word_1_38' title='bbox 1456 607 1534 650; x_wconf 81' lang='lat' dir='ltr'>Ab.</span> <span class='ocrx_word' id='word_1_39' title='bbox 1569 608 1796 657; x_wconf 88' lang='lat' dir='ltr'>voluerunt,</span> <span class='ocrx_word' id='word_1_40' title='bbox 1832 606 1871 648; x_wconf 87' lang='lat' dir='ltr'>id</span> <span class='ocrx_word' id='word_1_41' title='bbox 1904 605 2013 664; x_wconf 83' lang='lat' dir='ltr'>quod</span> <span class='ocrx_word' id='word_1_42' title='bbox 2049 605 2328 649; x_wconf 78' lang='lat' dir='ltr'>secundariam</span> <span class='ocrx_word' id='word_1_43' title='bbox 2361 605 2466 649; x_wconf 89' lang='lat' dir='ltr'>illam</span> <span class='ocrx_word' id='word_1_44' title='bbox 2489 619 2628 649; x_wconf 91' lang='lat' dir='ltr'>enun-</span> 
     </span>
     <span class='ocr_line' id='line_1_5' title="bbox 657 683 2627 746; baseline -0.002 -15"><span class='ocrx_word' id='word_1_45' title='bbox 657 686 868 731; x_wconf 89' lang='lat' dir='ltr'>ciationem</span> <span class='ocrx_word' id='word_1_46' title='bbox 912 685 1108 745; x_wconf 82' lang='lat' dir='ltr'>subsequi</span> <span class='ocrx_word' id='word_1_47' title='bbox 1148 685 1333 737; x_wconf 77' lang='lat' dir='ltr'>debebat,</span> <span class='ocrx_word' id='word_1_48' title='bbox 1370 686 1561 732; x_wconf 79' lang='lat' dir='ltr'>eliciatur.</span> <span class='ocrx_word' id='word_1_49' title='bbox 1628 688 1694 737; x_wconf 88' lang='grc' dir='ltr'>ΙΧ,</span> <span class='ocrx_word' id='word_1_50' title='bbox 1734 687 1805 737; x_wconf 78' lang='lat'>84,</span> <span class='ocrx_word' id='word_1_51' title='bbox 1837 683 1963 729; x_wconf 79' lang='grc' dir='ltr'><strong><em>Ἐπεί</em></strong></span> <span class='ocrx_word' id='word_1_52' title='bbox 1988 702 2030 729; x_wconf 74' lang='grc' dir='ltr'>τε</span> <span class='ocrx_word' id='word_1_53' title='bbox 2067 685 2113 728; x_wconf 73' lang='grc' dir='ltr'>δὲ</span> <span class='ocrx_word' id='word_1_54' title='bbox 2149 685 2416 744; x_wconf 74' lang='grc' dir='ltr'><em>Μαρδονίου</em></span> <span class='ocrx_word' id='word_1_55' title='bbox 2450 686 2627 746; x_wconf 82' lang='grc' dir='ltr'><em>δευτέρῃ</em></span> 
     </span>
     <span class='ocr_line' id='line_1_6' title="bbox 659 763 2626 827; baseline 0 -17"><span class='ocrx_word' id='word_1_56' title='bbox 659 765 805 825; x_wconf 76' lang='grc' dir='ltr'><em>ἡμέρῃ</em></span> <span class='ocrx_word' id='word_1_57' title='bbox 857 765 883 810; x_wconf 81' lang='grc' dir='ltr'><em>ὅ</em></span> <span class='ocrx_word' id='word_1_58' title='bbox 934 768 1091 824; x_wconf 70' lang='grc' dir='ltr'><em>νεκρός</em></span> <span class='ocrx_word' id='word_1_59' title='bbox 1140 763 1372 824; x_wconf 71' lang='grc' dir='ltr'><em>ἠφάνιστο.</em></span> <span class='ocrx_word' id='word_1_60' title='bbox 1437 767 1687 812; x_wconf 81' lang='lat' dir='ltr'>Schaeferus</span> <span class='ocrx_word' id='word_1_61' title='bbox 1721 775 1760 811; x_wconf 89' lang='lat' dir='ltr'>et</span> <span class='ocrx_word' id='word_1_62' title='bbox 1794 768 1930 812; x_wconf 80' lang='lat' dir='ltr'>Scliw.</span> <span class='ocrx_word' id='word_1_63' title='bbox 1965 766 2133 810; x_wconf 71' lang='grc' dir='ltr'><em>ἔπειτεν</em></span> <span class='ocrx_word' id='word_1_64' title='bbox 2165 781 2239 825; x_wconf 91' lang='lat' dir='ltr'>pro</span> <span class='ocrx_word' id='word_1_65' title='bbox 2274 765 2373 808; x_wconf 69' lang='grc' dir='ltr'>ἐπέί</span> <span class='ocrx_word' id='word_1_66' title='bbox 2400 782 2444 808; x_wconf 80' lang='grc' dir='ltr'>τε</span> <span class='ocrx_word' id='word_1_67' title='bbox 2477 766 2626 827; x_wconf 80' lang='lat' dir='ltr'>legunt,</span> 
     </span>
     <span class='ocr_line' id='line_1_7' title="bbox 657 846 2628 908; baseline -0.001 -16"><span class='ocrx_word' id='word_1_68' title='bbox 657 861 762 908; x_wconf 91' lang='lat' dir='ltr'>quae</span> <span class='ocrx_word' id='word_1_69' title='bbox 809 847 1053 908; x_wconf 88' lang='lat' dir='ltr'>permutatio</span> <span class='ocrx_word' id='word_1_70' title='bbox 1102 847 1264 900; x_wconf 87' lang='lat' dir='ltr'>nullius,</span> <span class='ocrx_word' id='word_1_71' title='bbox 1316 857 1515 908; x_wconf 88' lang='lat' dir='ltr'>quantum</span> <span class='ocrx_word' id='word_1_72' title='bbox 1566 849 1729 900; x_wconf 85' lang='lat' dir='ltr'>scimus,</span> <span class='ocrx_word' id='word_1_73' title='bbox 1780 848 1929 893; x_wconf 85' lang='lat' dir='ltr'>codicis</span> <span class='ocrx_word' id='word_1_74' title='bbox 1977 846 2215 892; x_wconf 88' lang='lat' dir='ltr'>auctoritate</span> <span class='ocrx_word' id='word_1_75' title='bbox 2259 846 2412 891; x_wconf 90' lang='lat' dir='ltr'>nititur.</span> <span class='ocrx_word' id='word_1_76' title='bbox 2477 848 2628 892; x_wconf 86' lang='lat' dir='ltr'>Eadem</span> 
     </span>
     <span class='ocr_line' id='line_1_8' title="bbox 657 926 2625 989; baseline -0.001 -16"><span class='ocrx_word' id='word_1_77' title='bbox 657 943 804 973; x_wconf 83' lang='lat' dir='ltr'>caussa</span> <span class='ocrx_word' id='word_1_78' title='bbox 838 928 977 972; x_wconf 87' lang='lat' dir='ltr'>Steinii</span> <span class='ocrx_word' id='word_1_79' title='bbox 1012 930 1242 988; x_wconf 88' lang='lat' dir='ltr'>conjectura</span> <span class='ocrx_word' id='word_1_80' title='bbox 1276 928 1375 971; x_wconf 73' lang='grc' dir='ltr'>ἐπεί</span> <span class='ocrx_word' id='word_1_81' title='bbox 1402 944 1454 985; x_wconf 81' lang='grc' dir='ltr'>γε</span> <span class='ocrx_word' id='word_1_82' title='bbox 1487 927 1544 988; x_wconf 78' lang='grc' dir='ltr'>δή</span> <span class='ocrx_word' id='word_1_83' title='bbox 1578 928 1786 989; x_wconf 85' lang='lat' dir='ltr'>rejicienda</span> <span class='ocrx_word' id='word_1_84' title='bbox 1819 937 1893 980; x_wconf 91' lang='lat' dir='ltr'>est,</span> <span class='ocrx_word' id='word_1_85' title='bbox 1930 927 2000 972; x_wconf 89' lang='lat' dir='ltr'>sed</span> <span class='ocrx_word' id='word_1_86' title='bbox 2036 927 2146 972; x_wconf 90' lang='lat' dir='ltr'>lubet</span> <span class='ocrx_word' id='word_1_87' title='bbox 2175 926 2346 972; x_wconf 82' lang='lat' dir='ltr'>sortasse</span> <span class='ocrx_word' id='word_1_88' title='bbox 2367 941 2625 987; x_wconf 83' lang='lat' dir='ltr'>cognoscere,</span> 
     </span>
     <span class='ocr_line' id='line_1_9' title="bbox 660 1008 2631 1070; baseline -0.001 -16"><span class='ocrx_word' id='word_1_89' title='bbox 660 1025 743 1068; x_wconf 91' lang='lat' dir='ltr'>quo</span> <span class='ocrx_word' id='word_1_90' title='bbox 779 1010 901 1053; x_wconf 92' lang='lat' dir='ltr'>modo</span> <span class='ocrx_word' id='word_1_91' title='bbox 935 1010 998 1053; x_wconf 89' lang='lat' dir='ltr'>ille</span> <span class='ocrx_word' id='word_1_92' title='bbox 1030 1010 1092 1054; x_wconf 76' lang='lat' dir='ltr'>vir</span> <span class='ocrx_word' id='word_1_93' title='bbox 1125 1011 1235 1054; x_wconf 88' lang='lat' dir='ltr'>bunc</span> <span class='ocrx_word' id='word_1_94' title='bbox 1269 1011 1398 1053; x_wconf 86' lang='lat' dir='ltr'>locum</span> <span class='ocrx_word' id='word_1_95' title='bbox 1432 1011 1524 1053; x_wconf 85' lang='lat' dir='ltr'>volit</span> <span class='ocrx_word' id='word_1_96' title='bbox 1558 1010 1813 1070; x_wconf 88' lang='lat' dir='ltr'>explicatum.</span> <span class='ocrx_word' id='word_1_97' title='bbox 1868 1010 1994 1052; x_wconf 88' lang='lat' dir='ltr'>Docet</span> <span class='ocrx_word' id='word_1_98' title='bbox 2016 1009 2150 1068; x_wconf 77' lang='lat' dir='ltr'>igitur,</span> <span class='ocrx_word' id='word_1_99' title='bbox 2175 1008 2356 1053; x_wconf 88' lang='lat' dir='ltr'>intimam</span> <span class='ocrx_word' id='word_1_100' title='bbox 2378 1009 2472 1054; x_wconf 89' lang='lat' dir='ltr'>huic</span> <span class='ocrx_word' id='word_1_101' title='bbox 2494 1023 2631 1054; x_wconf 91' lang='lat' dir='ltr'>enun—</span> 
     </span>
     <span class='ocr_line' id='line_1_10' title="bbox 657 1089 2628 1149; baseline -0.002 -15"><span class='ocrx_word' id='word_1_102' title='bbox 657 1089 818 1135; x_wconf 84' lang='lat' dir='ltr'>ciationi</span> <span class='ocrx_word' id='word_1_103' title='bbox 867 1090 1064 1134; x_wconf 78' lang='lat' dir='ltr'>interesse</span> <span class='ocrx_word' id='word_1_104' title='bbox 1112 1091 1433 1149; x_wconf 81' lang='lat' dir='ltr'>conjunctionem</span> <span class='ocrx_word' id='word_1_105' title='bbox 1482 1106 1575 1134; x_wconf 92' lang='lat' dir='ltr'>cum</span> <span class='ocrx_word' id='word_1_106' title='bbox 1625 1091 1683 1141; x_wconf 92' lang='lat' dir='ltr'>iis,</span> <span class='ocrx_word' id='word_1_107' title='bbox 1736 1106 1840 1149; x_wconf 88' lang='lat' dir='ltr'>quae</span> <span class='ocrx_word' id='word_1_108' title='bbox 1874 1090 2054 1149; x_wconf 84' lang='lat' dir='ltr'>proxime</span> <span class='ocrx_word' id='word_1_109' title='bbox 2095 1090 2386 1133; x_wconf 86' lang='lat' dir='ltr'>antecesserint</span> <span class='ocrx_word' id='word_1_110' title='bbox 2418 1094 2492 1131; x_wconf 80' lang='grc' dir='ltr'><em>καὶ</em></span> <span class='ocrx_word' id='word_1_111' title='bbox 2526 1104 2628 1131; x_wconf 78' lang='grc' dir='ltr'><em>πεν-</em></span> 
     </span>
     <span class='ocr_line' id='line_1_11' title="bbox 658 1165 2622 1229; baseline 0 -16"><span class='ocrx_word' id='word_1_112' title='bbox 658 1170 879 1228; x_wconf 79' lang='grc' dir='ltr'><em>ταπήχεος</em></span> <span class='ocrx_word' id='word_1_113' title='bbox 911 1165 1077 1229; x_wconf 66' lang='grc' dir='ltr'><em>ἀνδρὸς</em></span> <span class='ocrx_word' id='word_1_114' title='bbox 1111 1166 1240 1214; x_wconf 80' lang='grc' dir='ltr'><em>ὀστέα</em></span> <span class='ocrx_word' id='word_1_115' title='bbox 1273 1170 1429 1228; x_wconf 79' lang='grc' dir='ltr'><em>ἐφάνη,</em></span> <span class='ocrx_word' id='word_1_116' title='bbox 1463 1180 1503 1215; x_wconf 89' lang='lat' dir='ltr'>et</span> <span class='ocrx_word' id='word_1_117' title='bbox 1535 1170 1798 1222; x_wconf 88' lang='lat' dir='ltr'>Herodotum,</span> <span class='ocrx_word' id='word_1_118' title='bbox 1834 1186 1961 1229; x_wconf 89' lang='lat' dir='ltr'>quum</span> <span class='ocrx_word' id='word_1_119' title='bbox 1991 1185 2085 1214; x_wconf 87' lang='lat' dir='ltr'>ossa</span> <span class='ocrx_word' id='word_1_120' title='bbox 2116 1169 2179 1213; x_wconf 87' lang='lat' dir='ltr'>illa</span> <span class='ocrx_word' id='word_1_121' title='bbox 2202 1169 2275 1214; x_wconf 89' lang='lat' dir='ltr'>viri</span> <span class='ocrx_word' id='word_1_122' title='bbox 2297 1170 2479 1227; x_wconf 89' lang='lat' dir='ltr'>quinque</span> <span class='ocrx_word' id='word_1_123' title='bbox 2500 1171 2622 1213; x_wconf 88' lang='lat' dir='ltr'>cubi-</span> 
     </span>
     <span class='ocr_line' id='line_1_12' title="bbox 659 1249 2627 1312; baseline 0 -17"><span class='ocrx_word' id='word_1_124' title='bbox 659 1258 794 1295; x_wconf 88' lang='lat' dir='ltr'>torum</span> <span class='ocrx_word' id='word_1_125' title='bbox 845 1250 1041 1294; x_wconf 88' lang='lat' dir='ltr'>Mardonii</span> <span class='ocrx_word' id='word_1_126' title='bbox 1090 1265 1171 1293; x_wconf 89' lang='lat' dir='ltr'>non</span> <span class='ocrx_word' id='word_1_127' title='bbox 1222 1250 1345 1295; x_wconf 86' lang='lat' dir='ltr'>fuisse</span> <span class='ocrx_word' id='word_1_128' title='bbox 1384 1252 1552 1303; x_wconf 86' lang='lat' dir='ltr'>evincat,</span> <span class='ocrx_word' id='word_1_129' title='bbox 1595 1259 1741 1312; x_wconf 90' lang='lat' dir='ltr'>petere,</span> <span class='ocrx_word' id='word_1_130' title='bbox 1785 1260 1842 1304; x_wconf 88' lang='lat' dir='ltr'>ut,</span> <span class='ocrx_word' id='word_1_131' title='bbox 1891 1250 1999 1311; x_wconf 85' lang='lat' dir='ltr'>quod</span> <span class='ocrx_word' id='word_1_132' title='bbox 2033 1265 2056 1295; x_wconf 96' lang='lat' dir='ltr'>a</span> <span class='ocrx_word' id='word_1_133' title='bbox 2090 1249 2245 1309; x_wconf 82' lang='lat' dir='ltr'>vulgari</span> <span class='ocrx_word' id='word_1_134' title='bbox 2279 1249 2487 1294; x_wconf 88' lang='lat' dir='ltr'>hominum</span> <span class='ocrx_word' id='word_1_135' title='bbox 2520 1249 2627 1295; x_wconf 86' lang='lat' dir='ltr'>fama</span> 
     </span>
     <span class='ocr_line' id='line_1_13' title="bbox 662 1330 2628 1393; baseline -0.001 -17"><span class='ocrx_word' id='word_1_136' title='bbox 662 1332 893 1382; x_wconf 87' lang='lat' dir='ltr'>decesserit,</span> <span class='ocrx_word' id='word_1_137' title='bbox 944 1332 1060 1375; x_wconf 89' lang='lat' dir='ltr'>venia</span> <span class='ocrx_word' id='word_1_138' title='bbox 1105 1332 1179 1375; x_wconf 89' lang='lat' dir='ltr'>sibi</span> <span class='ocrx_word' id='word_1_139' title='bbox 1213 1332 1345 1377; x_wconf 86' lang='lat' dir='ltr'>detur.</span> <span class='ocrx_word' id='word_1_140' title='bbox 1413 1333 1502 1377; x_wconf 88' lang='lat' dir='ltr'>Jam</span> <span class='ocrx_word' id='word_1_141' title='bbox 1538 1333 1774 1386; x_wconf 91' lang='lat' dir='ltr'>Bredovius,</span> <span class='ocrx_word' id='word_1_142' title='bbox 1809 1333 1879 1393; x_wconf 91' lang='lat' dir='ltr'>qui</span> <span class='ocrx_word' id='word_1_143' title='bbox 1913 1332 2154 1392; x_wconf 83' lang='lat' dir='ltr'>scripturam</span> <span class='ocrx_word' id='word_1_144' title='bbox 2189 1330 2288 1373; x_wconf 67' lang='grc' dir='ltr'>ἐπεί</span> <span class='ocrx_word' id='word_1_145' title='bbox 2317 1348 2358 1374; x_wconf 76' lang='grc' dir='ltr'>τε</span> <span class='ocrx_word' id='word_1_146' title='bbox 2394 1330 2444 1374; x_wconf 75' lang='grc' dir='ltr'>δέ</span> <span class='ocrx_word' id='word_1_147' title='bbox 2475 1332 2628 1377; x_wconf 88' lang='lat' dir='ltr'>servari</span> 
     </span>
     <span class='ocr_line' id='line_1_14' title="bbox 657 1412 2627 1472; baseline -0.002 -15"><span class='ocrx_word' id='word_1_148' title='bbox 657 1413 785 1472; x_wconf 73' lang='lat' dir='ltr'>Jubet‚</span> <span class='ocrx_word' id='word_1_149' title='bbox 830 1413 870 1455; x_wconf 87' lang='lat' dir='ltr'>in</span> <span class='ocrx_word' id='word_1_150' title='bbox 915 1412 1083 1456; x_wconf 84' lang='lat' dir='ltr'>vocibus</span> <span class='ocrx_word' id='word_1_151' title='bbox 1127 1412 1215 1468; x_wconf 78' lang='grc' dir='ltr'><em>ἔχει</em></span> <span class='ocrx_word' id='word_1_152' title='bbox 1258 1412 1309 1455; x_wconf 83' lang='grc' dir='ltr'>δέ</span> <span class='ocrx_word' id='word_1_153' title='bbox 1340 1429 1433 1455; x_wconf 79' lang='grc' dir='ltr'><em>τινα</em></span> <span class='ocrx_word' id='word_1_154' title='bbox 1467 1413 1596 1468; x_wconf 77' lang='grc' dir='ltr'><em>φάτιν</em></span> <span class='ocrx_word' id='word_1_155' title='bbox 1630 1418 1703 1457; x_wconf 80' lang='grc' dir='ltr'><em>καὶ</em></span> <span class='ocrx_word' id='word_1_156' title='bbox 1736 1414 2082 1470; x_wconf 76' lang='grc' dir='ltr'><em>Διονυσοφάνης</em></span> <span class='ocrx_word' id='word_1_157' title='bbox 2114 1439 2172 1445; x_wconf 91' lang='grc'>-</span> <span class='ocrx_word' id='word_1_158' title='bbox 2207 1438 2265 1445; x_wconf 89' lang='lat'>—-</span> <span class='ocrx_word' id='word_1_159' title='bbox 2304 1412 2457 1470; x_wconf 75' lang='grc' dir='ltr'><em>θάψαι</em></span> <span class='ocrx_word' id='word_1_160' title='bbox 2491 1415 2627 1471; x_wconf 62' lang='lat' dir='ltr'>sucep-</span> 
     </span>
     <span class='ocr_line' id='line_1_15' title="bbox 663 1491 2626 1554; baseline 0.002 -19"><span class='ocrx_word' id='word_1_161' title='bbox 663 1493 818 1536; x_wconf 82' lang='grc' dir='ltr'><em>δόνιον</em></span> <span class='ocrx_word' id='word_1_162' title='bbox 851 1493 1107 1553; x_wconf 88' lang='lat' dir='ltr'>potissimum</span> <span class='ocrx_word' id='word_1_163' title='bbox 1143 1493 1373 1553; x_wconf 88' lang='lat' dir='ltr'>primariam</span> <span class='ocrx_word' id='word_1_164' title='bbox 1407 1494 1725 1538; x_wconf 84' lang='lat' dir='ltr'>enunciationem</span> <span class='ocrx_word' id='word_1_165' title='bbox 1760 1494 1953 1538; x_wconf 85' lang='lat' dir='ltr'>contineri</span> <span class='ocrx_word' id='word_1_166' title='bbox 1982 1493 2135 1554; x_wconf 86' lang='lat' dir='ltr'>judicat</span> <span class='ocrx_word' id='word_1_167' title='bbox 2154 1495 2214 1550; x_wconf 81' lang='lat'>⁷).</span> <span class='ocrx_word' id='word_1_168' title='bbox 2279 1491 2359 1536; x_wconf 88' lang='lat' dir='ltr'>Sed</span> <span class='ocrx_word' id='word_1_169' title='bbox 2393 1492 2472 1537; x_wconf 88' lang='lat' dir='ltr'>Ab.</span> <span class='ocrx_word' id='word_1_170' title='bbox 2508 1502 2626 1545; x_wconf 86' lang='lat' dir='ltr'>recte,</span> 
     </span>
     <span class='ocr_line' id='line_1_16' title="bbox 662 1573 2628 1648; baseline 0.001 -31"><span class='ocrx_word' id='word_1_171' title='bbox 662 1574 817 1634; x_wconf 87' lang='lat' dir='ltr'>opinor,</span> <span class='ocrx_word' id='word_1_172' title='bbox 861 1574 1155 1623; x_wconf 88' lang='lat' dir='ltr'>animadvertit,</span> <span class='ocrx_word' id='word_1_173' title='bbox 1198 1574 1366 1633; x_wconf 81' lang='lat' dir='ltr'>logicam</span> <span class='ocrx_word' id='word_1_174' title='bbox 1408 1575 1615 1619; x_wconf 85' lang='lat' dir='ltr'>institutae</span> <span class='ocrx_word' id='word_1_175' title='bbox 1649 1576 1799 1635; x_wconf 87' lang='lat' dir='ltr'>periodi</span> <span class='ocrx_word' id='word_1_176' title='bbox 1832 1574 2171 1619; x_wconf 87' lang='lat' dir='ltr'>continuationem</span> <span class='ocrx_word' id='word_1_177' title='bbox 2205 1574 2245 1617; x_wconf 87' lang='lat' dir='ltr'>in</span> <span class='ocrx_word' id='word_1_178' title='bbox 2278 1573 2353 1625; x_wconf 82' lang='lat' dir='ltr'>his,</span> <span class='ocrx_word' id='word_1_179' title='bbox 2389 1588 2494 1633; x_wconf 89' lang='lat' dir='ltr'>quae</span> <span class='ocrx_word' id='word_1_180' title='bbox 2529 1589 2628 1648; x_wconf 68' lang='lat' dir='ltr'>pro-</span> 
     </span>
     <span class='ocr_line' id='line_1_17' title="bbox 662 1654 2627 1715; baseline -0.001 -16"><span class='ocrx_word' id='word_1_181' title='bbox 662 1655 774 1715; x_wconf 87' lang='lat' dir='ltr'>piora</span> <span class='ocrx_word' id='word_1_182' title='bbox 809 1664 918 1706; x_wconf 88' lang='lat' dir='ltr'>sunt,</span> <span class='ocrx_word' id='word_1_183' title='bbox 955 1654 1079 1698; x_wconf 88' lang='lat' dir='ltr'>latere</span> <span class='ocrx_word' id='word_1_184' title='bbox 1111 1655 1310 1703; x_wconf 77' lang='grc' dir='ltr'><em>πολλοὺς</em></span> <span class='ocrx_word' id='word_1_185' title='bbox 1341 1655 1392 1698; x_wconf 85' lang='grc' dir='ltr'>δέ</span> <span class='ocrx_word' id='word_1_186' title='bbox 1423 1683 1480 1689; x_wconf 83' lang='grc'><strong>-</strong></span> <span class='ocrx_word' id='word_1_187' title='bbox 1517 1684 1574 1690; x_wconf 90' lang='lat'>—-</span> <span class='ocrx_word' id='word_1_188' title='bbox 1615 1655 1784 1713; x_wconf 81' lang='grc' dir='ltr'><em>ἤκουσα</em></span> <span class='ocrx_word' id='word_1_189' title='bbox 1817 1658 1971 1712; x_wconf 74' lang='grc' dir='ltr'><em>θάψαι</em></span> <span class='ocrx_word' id='word_1_190' title='bbox 2005 1655 2298 1713; x_wconf 82' lang='grc' dir='ltr'><em>Μαρδόνιον;</em></span> <span class='ocrx_word' id='word_1_191' title='bbox 2333 1670 2499 1699; x_wconf 87' lang='lat' dir='ltr'>sensum</span> <span class='ocrx_word' id='word_1_192' title='bbox 2521 1656 2627 1698; x_wconf 93' lang='lat' dir='ltr'>enim</span> 
     </span>
     <span class='ocr_line' id='line_1_18' title="bbox 662 1735 2630 1790; baseline -0.001 -10"><span class='ocrx_word' id='word_1_193' title='bbox 662 1736 736 1780; x_wconf 90' lang='lat' dir='ltr'>loci</span> <span class='ocrx_word' id='word_1_194' title='bbox 770 1750 879 1780; x_wconf 85' lang='lat' dir='ltr'>esse:</span> <span class='ocrx_word' id='word_1_195' title='bbox 924 1736 1149 1781; x_wconf 79' lang='lat' dir='ltr'>Nachdem</span> <span class='ocrx_word' id='word_1_196' title='bbox 1183 1737 1257 1781; x_wconf 79' lang='lat' dir='ltr'>des</span> <span class='ocrx_word' id='word_1_197' title='bbox 1293 1735 1559 1782; x_wconf 78' lang='lat' dir='ltr'>Mardonius</span> <span class='ocrx_word' id='word_1_198' title='bbox 1592 1737 1833 1782; x_wconf 79' lang='lat' dir='ltr'>Leichnam</span> <span class='ocrx_word' id='word_1_199' title='bbox 1864 1737 2200 1781; x_wconf 80' lang='lat' dir='ltr'>verschwunden</span> <span class='ocrx_word' id='word_1_200' title='bbox 2234 1750 2337 1790; x_wconf 79' lang='lat' dir='ltr'>war,</span> <span class='ocrx_word' id='word_1_201' title='bbox 2369 1738 2515 1780; x_wconf 72' lang='lat' dir='ltr'>warde</span> <span class='ocrx_word' id='word_1_202' title='bbox 2547 1751 2630 1780; x_wconf 80' lang='lat' dir='ltr'>von</span> 
     </span>
     <span class='ocr_line' id='line_1_19' title="bbox 658 1817 2087 1873; baseline -0.001 -13"><span class='ocrx_word' id='word_1_203' title='bbox 658 1832 744 1873; x_wconf 74' lang='lat' dir='ltr'>yar</span> <span class='ocrx_word' id='word_1_204' title='bbox 776 1818 915 1860; x_wconf 77' lang='lat' dir='ltr'>vielen</span> <span class='ocrx_word' id='word_1_205' title='bbox 948 1817 1117 1861; x_wconf 67' lang='lat' dir='ltr'>Leute‘n</span> <span class='ocrx_word' id='word_1_206' title='bbox 1150 1817 1328 1873; x_wconf 61' lang='lat' dir='ltr'>erecthlt,</span> <span class='ocrx_word' id='word_1_207' title='bbox 1363 1818 1467 1862; x_wconf 70' lang='lat' dir='ltr'>dasz</span> <span class='ocrx_word' id='word_1_208' title='bbox 1498 1818 1563 1863; x_wconf 72' lang='lat' dir='ltr'>sie</span> <span class='ocrx_word' id='word_1_209' title='bbox 1595 1818 1672 1862; x_wconf 75' lang='lat' dir='ltr'>ilm</span> <span class='ocrx_word' id='word_1_210' title='bbox 1705 1817 1900 1867; x_wconf 77' lang='lat' dir='ltr'>bestattet</span> <span class='ocrx_word' id='word_1_211' title='bbox 1931 1818 2087 1862; x_wconf 68' lang='lat' dir='ltr'>hatten.</span> 
     </span>
    </p>

    <p class='ocr_par' dir='ltr' id='par_1_3' title="bbox 662 1896 2631 2362">
     <span class='ocr_line' id='line_1_20' title="bbox 787 1896 2629 1958; baseline 0.002 -19"><span class='ocrx_word' id='word_1_212' title='bbox 787 1898 876 1940; x_wconf 89' lang='lat' dir='ltr'>Jam</span> <span class='ocrx_word' id='word_1_213' title='bbox 918 1912 1041 1957; x_wconf 87' lang='lat' dir='ltr'>porro</span> <span class='ocrx_word' id='word_1_214' title='bbox 1080 1897 1132 1939; x_wconf 86' lang='lat' dir='ltr'>ab</span> <span class='ocrx_word' id='word_1_215' title='bbox 1175 1897 1524 1942; x_wconf 80' lang='lat' dir='ltr'>enunciationilms</span> <span class='ocrx_word' id='word_1_216' title='bbox 1557 1906 1597 1942; x_wconf 84' lang='lat' dir='ltr'>et</span> <span class='ocrx_word' id='word_1_217' title='bbox 1629 1898 1814 1958; x_wconf 85' lang='lat' dir='ltr'>periodis,</span> <span class='ocrx_word' id='word_1_218' title='bbox 1851 1912 1956 1958; x_wconf 90' lang='lat' dir='ltr'>quae</span> <span class='ocrx_word' id='word_1_219' title='bbox 1989 1897 2039 1941; x_wconf 93' lang='lat' dir='ltr'>ad</span> <span class='ocrx_word' id='word_1_220' title='bbox 2068 1897 2224 1956; x_wconf 87' lang='lat' dir='ltr'>justum</span> <span class='ocrx_word' id='word_1_221' title='bbox 2258 1896 2380 1941; x_wconf 79' lang='lat' dir='ltr'>tinem</span> <span class='ocrx_word' id='word_1_222' title='bbox 2414 1911 2495 1942; x_wconf 88' lang='lat' dir='ltr'>non</span> <span class='ocrx_word' id='word_1_223' title='bbox 2529 1913 2629 1958; x_wconf 91' lang='lat' dir='ltr'>per-</span> 
     </span>
     <span class='ocr_line' id='line_1_21' title="bbox 663 1978 2631 2039; baseline 0 -16"><span class='ocrx_word' id='word_1_224' title='bbox 663 1978 810 2023; x_wconf 88' lang='lat' dir='ltr'>ductae</span> <span class='ocrx_word' id='word_1_225' title='bbox 859 1986 966 2029; x_wconf 88' lang='lat' dir='ltr'>sunt,</span> <span class='ocrx_word' id='word_1_226' title='bbox 1019 1979 1069 2022; x_wconf 89' lang='lat' dir='ltr'>ad</span> <span class='ocrx_word' id='word_1_227' title='bbox 1119 1979 1358 2023; x_wconf 86' lang='lat' dir='ltr'>anacolutha</span> <span class='ocrx_word' id='word_1_228' title='bbox 1408 1994 1483 2022; x_wconf 91' lang='lat' dir='ltr'>nos</span> <span class='ocrx_word' id='word_1_229' title='bbox 1526 1981 1793 2030; x_wconf 85' lang='lat' dir='ltr'>conferamus,</span> <span class='ocrx_word' id='word_1_230' title='bbox 1837 1993 2012 2038; x_wconf 90' lang='lat' dir='ltr'>quorum</span> <span class='ocrx_word' id='word_1_231' title='bbox 2046 1992 2192 2022; x_wconf 87' lang='lat' dir='ltr'>caussa</span> <span class='ocrx_word' id='word_1_232' title='bbox 2226 1985 2287 2021; x_wconf 90' lang='lat' dir='ltr'>est</span> <span class='ocrx_word' id='word_1_233' title='bbox 2320 1978 2631 2039; x_wconf 61' lang='lat' dir='ltr'>Ffflanalepsv&#39;s,</span> 
     </span>
     <span class='ocr_line' id='line_1_22' title="bbox 663 2058 2629 2118; baseline 0.001 -15"><span class='ocrx_word' id='word_1_234' title='bbox 663 2073 768 2118; x_wconf 89' lang='lat' dir='ltr'>quae</span> <span class='ocrx_word' id='word_1_235' title='bbox 817 2058 975 2103; x_wconf 87' lang='lat' dir='ltr'>dicitur.</span> <span class='ocrx_word' id='word_1_236' title='bbox 1044 2059 1106 2103; x_wconf 87' lang='lat' dir='ltr'>Fit</span> <span class='ocrx_word' id='word_1_237' title='bbox 1155 2059 1259 2103; x_wconf 82' lang='lat' dir='ltr'>enim</span> <span class='ocrx_word' id='word_1_238' title='bbox 1310 2060 1553 2118; x_wconf 79' lang='lat' dir='ltr'>saepissime,</span> <span class='ocrx_word' id='word_1_239' title='bbox 1606 2069 1652 2105; x_wconf 90' lang='lat' dir='ltr'>ut</span> <span class='ocrx_word' id='word_1_240' title='bbox 1686 2060 1926 2111; x_wconf 82' lang='lat' dir='ltr'>HerodotuS,</span> <span class='ocrx_word' id='word_1_241' title='bbox 1962 2067 2179 2118; x_wconf 85' lang='lat' dir='ltr'>antequam</span> <span class='ocrx_word' id='word_1_242' title='bbox 2215 2058 2413 2103; x_wconf 85' lang='lat' dir='ltr'>sententia</span> <span class='ocrx_word' id='word_1_243' title='bbox 2445 2059 2629 2104; x_wconf 86' lang='lat' dir='ltr'>absoluta</span> 
     </span>
     <span class='ocr_line' id='line_1_23' title="bbox 663 2139 2628 2200; baseline 0.001 -17"><span class='ocrx_word' id='word_1_244' title='bbox 663 2147 737 2191; x_wconf 87' lang='lat' dir='ltr'>est,</span> <span class='ocrx_word' id='word_1_245' title='bbox 790 2139 987 2199; x_wconf 90' lang='lat' dir='ltr'>imprimis</span> <span class='ocrx_word' id='word_1_246' title='bbox 1036 2155 1163 2198; x_wconf 89' lang='lat' dir='ltr'>quum</span> <span class='ocrx_word' id='word_1_247' title='bbox 1213 2141 1515 2184; x_wconf 87' lang='lat' dir='ltr'>enunciationes</span> <span class='ocrx_word' id='word_1_248' title='bbox 1558 2141 1755 2200; x_wconf 86' lang='lat' dir='ltr'>quaedam</span> <span class='ocrx_word' id='word_1_249' title='bbox 1799 2149 1869 2185; x_wconf 88' lang='lat' dir='ltr'>aut</span> <span class='ocrx_word' id='word_1_250' title='bbox 1902 2140 2195 2184; x_wconf 84' lang='lat' dir='ltr'>enunciationis</span> <span class='ocrx_word' id='word_1_251' title='bbox 2227 2147 2364 2199; x_wconf 85' lang='lat' dir='ltr'>partes</span> <span class='ocrx_word' id='word_1_252' title='bbox 2397 2140 2447 2183; x_wconf 92' lang='lat' dir='ltr'>ad</span> <span class='ocrx_word' id='word_1_253' title='bbox 2480 2141 2628 2199; x_wconf 89' lang='lat' dir='ltr'>aliquid</span> 
     </span>
     <span class='ocr_line' id='line_1_24' title="bbox 662 2219 2628 2282; baseline 0.001 -18"><span class='ocrx_word' id='word_1_254' title='bbox 662 2220 814 2264; x_wconf 87' lang='lat' dir='ltr'>arctius</span> <span class='ocrx_word' id='word_1_255' title='bbox 847 2219 1156 2264; x_wconf 85' lang='lat' dir='ltr'>describendum</span> <span class='ocrx_word' id='word_1_256' title='bbox 1191 2220 1420 2280; x_wconf 63' lang='lat' dir='ltr'>interiectae</span> <span class='ocrx_word' id='word_1_257' title='bbox 1454 2229 1561 2273; x_wconf 88' lang='lat' dir='ltr'>sunt,</span> <span class='ocrx_word' id='word_1_258' title='bbox 1598 2236 1642 2266; x_wconf 89' lang='lat' dir='ltr'>ea</span> <span class='ocrx_word' id='word_1_259' title='bbox 1676 2221 1762 2282; x_wconf 83' lang='lat' dir='ltr'>ipsa</span> <span class='ocrx_word' id='word_1_260' title='bbox 1800 2229 1966 2282; x_wconf 85' lang='lat' dir='ltr'>repetat,</span> <span class='ocrx_word' id='word_1_261' title='bbox 2002 2236 2107 2281; x_wconf 90' lang='lat' dir='ltr'>quae</span> <span class='ocrx_word' id='word_1_262' title='bbox 2135 2221 2218 2280; x_wconf 86' lang='lat' dir='ltr'>jam</span> <span class='ocrx_word' id='word_1_263' title='bbox 2252 2220 2357 2265; x_wconf 86' lang='lat' dir='ltr'>dicta</span> <span class='ocrx_word' id='word_1_264' title='bbox 2391 2228 2499 2265; x_wconf 88' lang='lat' dir='ltr'>sunt.</span> <span class='ocrx_word' id='word_1_265' title='bbox 2547 2222 2628 2266; x_wconf 80' lang='lat' dir='ltr'>At-</span> 
     </span>
     <span class='ocr_line' id='line_1_25' title="bbox 662 2301 2628 2362; baseline 0 -16"><span class='ocrx_word' id='word_1_266' title='bbox 662 2317 743 2361; x_wconf 88' lang='lat' dir='ltr'>que</span> <span class='ocrx_word' id='word_1_267' title='bbox 791 2316 919 2360; x_wconf 92' lang='lat' dir='ltr'>quum</span> <span class='ocrx_word' id='word_1_268' title='bbox 970 2301 1141 2360; x_wconf 91' lang='lat' dir='ltr'>scriptor</span> <span class='ocrx_word' id='word_1_269' title='bbox 1183 2301 1409 2362; x_wconf 87' lang='lat' dir='ltr'>epanalepsi</span> <span class='ocrx_word' id='word_1_270' title='bbox 1443 2302 1585 2354; x_wconf 89' lang='lat' dir='ltr'>utitur,</span> <span class='ocrx_word' id='word_1_271' title='bbox 1622 2303 1708 2346; x_wconf 84' lang='lat' dir='ltr'>fieri</span> <span class='ocrx_word' id='word_1_272' title='bbox 1744 2303 1855 2355; x_wconf 80' lang='lat' dir='ltr'>solet,</span> <span class='ocrx_word' id='word_1_273' title='bbox 1892 2312 1938 2348; x_wconf 90' lang='lat' dir='ltr'>ut</span> <span class='ocrx_word' id='word_1_274' title='bbox 1971 2303 2021 2347; x_wconf 91' lang='lat' dir='ltr'>ad</span> <span class='ocrx_word' id='word_1_275' title='bbox 2055 2302 2277 2347; x_wconf 87' lang='lat' dir='ltr'>orationem</span> <span class='ocrx_word' id='word_1_276' title='bbox 2311 2301 2628 2346; x_wconf 75' lang='lat' dir='ltr'>connectendam</span> 
     </span>
    </p>
   </div>
   <div class='ocr_carea' id='block_1_3' title="bbox 622 2378 2628 2928">
    <p class='ocr_par' dir='ltr' id='par_1_4' title="bbox 622 2378 2628 2928">
     <span class='ocr_line' id='line_1_26' title="bbox 662 2378 2627 2442; baseline -0.001 -15"><span class='ocrx_word' id='word_1_277' title='bbox 662 2390 833 2442; x_wconf 83' lang='lat' dir='ltr'>usurpet</span> <span class='ocrx_word' id='word_1_278' title='bbox 882 2382 1099 2441; x_wconf 87' lang='lat' dir='ltr'>particulas</span> <span class='ocrx_word' id='word_1_279' title='bbox 1149 2378 1214 2424; x_wconf 71' lang='grc' dir='ltr'>ὥν</span> <span class='ocrx_word' id='word_1_280' title='bbox 1264 2391 1307 2426; x_wconf 91' lang='lat' dir='ltr'>ut</span> <span class='ocrx_word' id='word_1_281' title='bbox 1357 2384 1384 2434; x_wconf 91' lang='lat' dir='ltr'>l,</span> <span class='ocrx_word' id='word_1_282' title='bbox 1440 2387 1511 2434; x_wconf 81' lang='lat'>69,</span> <span class='ocrx_word' id='word_1_283' title='bbox 1559 2411 1617 2416; x_wconf 93' lang='lat'>—-</span> <span class='ocrx_word' id='word_1_284' title='bbox 1663 2383 1914 2441; x_wconf 75' lang='grc' dir='ltr'><em>χρήσαντος</em></span> <span class='ocrx_word' id='word_1_285' title='bbox 1964 2386 2039 2425; x_wconf 76' lang='grc' dir='ltr'>τοῦ</span> <span class='ocrx_word' id='word_1_286' title='bbox 2091 2385 2204 2425; x_wconf 73' lang='grc' dir='ltr'><em>θεοῦ</em></span> <span class='ocrx_word' id='word_1_287' title='bbox 2253 2408 2311 2414; x_wconf 89' lang='lat'>—</span> <span class='ocrx_word' id='word_1_288' title='bbox 2363 2387 2423 2413; x_wconf 85' lang='lat'>—&#39;</span> <span class='ocrx_word' id='word_1_289' title='bbox 2460 2409 2514 2414; x_wconf 94' lang='lat'><strong>—</strong></span> <span class='ocrx_word' id='word_1_290' title='bbox 2552 2409 2627 2437; x_wconf 84' lang='lat'>—,</span> 
     </span>
     <span class='ocr_line' id='line_1_27' title="bbox 661 2458 2627 2523; baseline 0.001 -16"><span class='ocrx_word' id='word_1_291' title='bbox 661 2463 804 2520; x_wconf 82' lang='grc' dir='ltr'><em>ὖμέας</em></span> <span class='ocrx_word' id='word_1_292' title='bbox 842 2459 907 2506; x_wconf 73' lang='grc' dir='ltr'>(ὄν</span> <span class='ocrx_word' id='word_1_293' title='bbox 940 2464 1050 2505; x_wconf 74' lang='grc' dir='ltr'><em>κατα</em></span> <span class='ocrx_word' id='word_1_294' title='bbox 1083 2464 1129 2505; x_wconf 79' lang='grc' dir='ltr'>τὸ</span> <span class='ocrx_word' id='word_1_295' title='bbox 1159 2465 1433 2523; x_wconf 79' lang='grc' dir='ltr'><em>χρηστήριον</em></span> <span class='ocrx_word' id='word_1_296' title='bbox 1466 2465 1810 2523; x_wconf 75' lang='grc' dir='ltr'><em>προσκαλέομαι</em></span> <span class='ocrx_word' id='word_1_297' title='bbox 1843 2491 1905 2497; x_wconf 89' lang='grc'>-</span> <span class='ocrx_word' id='word_1_298' title='bbox 1942 2490 2014 2506; x_wconf 86' lang='grc'>-.</span> <span class='ocrx_word' id='word_1_299' title='bbox 2050 2464 2115 2515; x_wconf 84' lang='lat' dir='ltr'>Vl,</span> <span class='ocrx_word' id='word_1_300' title='bbox 2154 2463 2226 2515; x_wconf 88' lang='grc'>76,</span> <span class='ocrx_word' id='word_1_301' title='bbox 2261 2490 2323 2497; x_wconf 91' lang='lat'>—-</span> <span class='ocrx_word' id='word_1_302' title='bbox 2357 2458 2419 2506; x_wconf 74' lang='grc' dir='ltr'>δ’</span> <span class='ocrx_word' id='word_1_303' title='bbox 2452 2459 2517 2508; x_wconf 74' lang='grc' dir='ltr'>ὢν</span> <span class='ocrx_word' id='word_1_304' title='bbox 2552 2492 2627 2519; x_wconf 88' lang='lat'>—-,</span> 
     </span>
     <span class='ocr_line' id='line_1_28' title="bbox 622 2541 2628 2604; baseline 0 -16"><span class='ocrx_word' id='word_1_305' title='bbox 622 2575 626 2579; x_wconf 92' lang='lat'><em>-</em></span> <span class='ocrx_word' id='word_1_306' title='bbox 661 2545 733 2589; x_wconf 85' lang='lat' dir='ltr'>cfr.</span> <span class='ocrx_word' id='word_1_307' title='bbox 785 2541 865 2588; x_wconf 72' lang='grc' dir='ltr'>οὖν</span> <span class='ocrx_word' id='word_1_308' title='bbox 906 2544 1012 2604; x_wconf 90' lang='lat' dir='ltr'>apud</span> <span class='ocrx_word' id='word_1_309' title='bbox 1057 2543 1210 2587; x_wconf 87' lang='lat' dir='ltr'>Atticos</span> <span class='ocrx_word' id='word_1_310' title='bbox 1261 2545 1490 2604; x_wconf 88' lang='lat' dir='ltr'>scriptores,</span> <span class='ocrx_word' id='word_1_311' title='bbox 1543 2546 1615 2589; x_wconf 83' lang='lat' dir='ltr'>Kr.</span> <span class='ocrx_word' id='word_1_312' title='bbox 1650 2547 1677 2596; x_wconf 88' lang='grc' dir='ltr'>Ι,</span> <span class='ocrx_word' id='word_1_313' title='bbox 1716 2550 1787 2597; x_wconf 80' lang='grc'>69,</span> <span class='ocrx_word' id='word_1_314' title='bbox 1826 2548 1896 2595; x_wconf 78' lang='grc'>52,</span> <span class='ocrx_word' id='word_1_315' title='bbox 1936 2548 1983 2599; x_wconf 84' lang='grc'>3;</span> <span class='ocrx_word' id='word_1_316' title='bbox 2019 2544 2077 2601; x_wconf 81' lang='grc' dir='ltr'>δή</span> <span class='ocrx_word' id='word_1_317' title='bbox 2108 2553 2152 2589; x_wconf 89' lang='lat' dir='ltr'>ut</span> <span class='ocrx_word' id='word_1_318' title='bbox 2185 2545 2251 2597; x_wconf 86' lang='lat' dir='ltr'>lv,</span> <span class='ocrx_word' id='word_1_319' title='bbox 2291 2544 2361 2596; x_wconf 89' lang='grc'>76,</span> <span class='ocrx_word' id='word_1_320' title='bbox 2399 2571 2459 2576; x_wconf 83' lang='lat'>—</span> <span class='ocrx_word' id='word_1_321' title='bbox 2491 2561 2628 2589; x_wconf 75' lang='grc' dir='ltr'><em>κατα-</em></span> 
     </span>
     <span class='ocr_line' id='line_1_29' title="bbox 663 2622 2625 2683; baseline 0.001 -15"><span class='ocrx_word' id='word_1_322' title='bbox 663 2625 740 2674; x_wconf 79' lang='grc' dir='ltr'>δῠς</span> <span class='ocrx_word' id='word_1_323' title='bbox 771 2624 812 2673; x_wconf 70' lang='grc' dir='ltr'>ἐς</span> <span class='ocrx_word' id='word_1_324' title='bbox 842 2628 920 2682; x_wconf 78' lang='grc' dir='ltr'>την</span> <span class='ocrx_word' id='word_1_325' title='bbox 952 2626 1236 2681; x_wconf 82' lang='grc' dir='ltr'><em>καλεομένην</em></span> <span class='ocrx_word' id='word_1_326' title='bbox 1265 2622 1453 2683; x_wconf 71' lang='grc' dir='ltr'>τΥλαίην</span> <span class='ocrx_word' id='word_1_327' title='bbox 1488 2652 1544 2657; x_wconf 81' lang='lat'>—</span> <span class='ocrx_word' id='word_1_328' title='bbox 1583 2653 1642 2658; x_wconf 92' lang='lat'>—-</span> <span class='ocrx_word' id='word_1_329' title='bbox 1678 2654 1753 2680; x_wconf 83' lang='lat'>—,</span> <span class='ocrx_word' id='word_1_330' title='bbox 1789 2625 1832 2674; x_wconf 69' lang='grc' dir='ltr'>ἐς</span> <span class='ocrx_word' id='word_1_331' title='bbox 1861 2627 2019 2682; x_wconf 78' lang='grc' dir='ltr'><em>ταύτην</em></span> <span class='ocrx_word' id='word_1_332' title='bbox 2052 2624 2108 2682; x_wconf 74' lang='grc' dir='ltr'>δή</span> <span class='ocrx_word' id='word_1_333' title='bbox 2142 2625 2333 2673; x_wconf 81' lang='grc' dir='ltr'><em>καταδῠς</em></span> <span class='ocrx_word' id='word_1_334' title='bbox 2363 2652 2425 2658; x_wconf 85' lang='grc'>-</span> <span class='ocrx_word' id='word_1_335' title='bbox 2449 2653 2522 2669; x_wconf 77' lang='grc'>-.</span> <span class='ocrx_word' id='word_1_336' title='bbox 2556 2628 2625 2676; x_wconf 83' lang='grc' dir='ltr'>ΙΧ,</span> 
     </span>
     <span class='ocr_line' id='line_1_30' title="bbox 670 2702 2627 2765; baseline 0 -16"><span class='ocrx_word' id='word_1_337' title='bbox 670 2710 768 2756; x_wconf 79' lang='grc'>110,</span> <span class='ocrx_word' id='word_1_338' title='bbox 806 2731 864 2737; x_wconf 91' lang='lat'>—</span> <span class='ocrx_word' id='word_1_339' title='bbox 899 2706 1137 2760; x_wconf 75' lang='grc' dir='ltr'><em>φυλάξασα</em></span> <span class='ocrx_word' id='word_1_340' title='bbox 1170 2731 1230 2736; x_wconf 92' lang='lat'>-—</span> <span class='ocrx_word' id='word_1_341' title='bbox 1265 2708 1339 2749; x_wconf 78' lang='grc' dir='ltr'>τόν</span> <span class='ocrx_word' id='word_1_342' title='bbox 1372 2704 1518 2765; x_wconf 80' lang='grc' dir='ltr'><em>ἄνδρα</em></span> <span class='ocrx_word' id='word_1_343' title='bbox 1550 2733 1606 2739; x_wconf 85' lang='grc'>-</span> <span class='ocrx_word' id='word_1_344' title='bbox 1645 2734 1702 2739; x_wconf 94' lang='lat'>—</span> <span class='ocrx_word' id='word_1_345' title='bbox 1737 2702 1979 2764; x_wconf 77' lang='grc' dir='ltr'><em>βασιλήϊον</em></span> <span class='ocrx_word' id='word_1_346' title='bbox 2008 2704 2190 2748; x_wconf 74' lang='grc' dir='ltr'><em>δεῖπνον</em></span> <span class='ocrx_word' id='word_1_347' title='bbox 2212 2708 2544 2761; x_wconf 66' lang='grc' dir='ltr'><em>προτιθέμενον</em></span> <span class='ocrx_word' id='word_1_348' title='bbox 2568 2733 2627 2739; x_wconf 90' lang='grc'><strong>-</strong></span> 
     </span>
     <span class='ocr_line' id='line_1_31' title="bbox 662 2785 2627 2846; baseline 0.001 -17"><span class='ocrx_word' id='word_1_349' title='bbox 662 2813 723 2818; x_wconf 89' lang='lat'>—-</span> <span class='ocrx_word' id='word_1_350' title='bbox 758 2813 833 2840; x_wconf 83' lang='lat'>·—,</span> <span class='ocrx_word' id='word_1_351' title='bbox 875 2788 1032 2843; x_wconf 80' lang='grc' dir='ltr'><em>ταύτην</em></span> <span class='ocrx_word' id='word_1_352' title='bbox 1066 2786 1121 2842; x_wconf 69' lang='grc' dir='ltr'>δι]</span> <span class='ocrx_word' id='word_1_353' title='bbox 1155 2788 1233 2843; x_wconf 74' lang='grc' dir='ltr'>τήν</span> <span class='ocrx_word' id='word_1_354' title='bbox 1267 2785 1443 2844; x_wconf 77' lang='grc' dir='ltr'><em>ἡμέρην</em></span> <span class='ocrx_word' id='word_1_355' title='bbox 1477 2787 1716 2842; x_wconf 77' lang='grc' dir='ltr'><em>φυλάξασα</em></span> <span class='ocrx_word' id='word_1_356' title='bbox 1749 2814 1809 2819; x_wconf 89' lang='lat'>—</span> <span class='ocrx_word' id='word_1_357' title='bbox 1843 2804 1926 2842; x_wconf 82' lang='lat'>—3</span> <span class='ocrx_word' id='word_1_358' title='bbox 1962 2786 2013 2830; x_wconf 85' lang='grc' dir='ltr'>δέ</span> <span class='ocrx_word' id='word_1_359' title='bbox 2044 2793 2087 2830; x_wconf 92' lang='lat' dir='ltr'>ut</span> <span class='ocrx_word' id='word_1_360' title='bbox 2122 2787 2186 2837; x_wconf 88' lang='lat' dir='ltr'>Ill,</span> <span class='ocrx_word' id='word_1_361' title='bbox 2224 2787 2295 2836; x_wconf 75' lang='lat'>34,</span> <span class='ocrx_word' id='word_1_362' title='bbox 2331 2789 2504 2843; x_wconf 78' lang='grc' dir='ltr'><em>λέγεται</em></span> <span class='ocrx_word' id='word_1_363' title='bbox 2538 2790 2627 2846; x_wconf 72' lang='grc' dir='ltr'>γὰρ</span> 
     </span>
     <span class='ocr_line' id='line_1_32' title="bbox 662 2865 2627 2928; baseline 0.002 -19"><span class='ocrx_word' id='word_1_364' title='bbox 662 2866 803 2910; x_wconf 80' lang='grc' dir='ltr'><em>εἰπεῖν</em></span> <span class='ocrx_word' id='word_1_365' title='bbox 853 2892 910 2896; x_wconf 89' lang='grc'>-</span> <span class='ocrx_word' id='word_1_366' title='bbox 962 2892 1023 2897; x_wconf 83' lang='grc'>-</span> <span class='ocrx_word' id='word_1_367' title='bbox 1075 2892 1147 2919; x_wconf 87' lang='lat'>——,</span> <span class='ocrx_word' id='word_1_368' title='bbox 1192 2865 1331 2910; x_wconf 70' lang='grc' dir='ltr'><em>εἰπεῖν</em></span> <span class='ocrx_word' id='word_1_369' title='bbox 1365 2867 1410 2911; x_wconf 73' lang='grc' dir='ltr'>δὲ</span> <span class='ocrx_word' id='word_1_370' title='bbox 1445 2868 1621 2925; x_wconf 80' lang='grc' dir='ltr'><em>λέγεται</em></span> <span class='ocrx_word' id='word_1_371' title='bbox 1656 2896 1729 2911; x_wconf 92' lang='lat'>-.</span> <span class='ocrx_word' id='word_1_372' title='bbox 1765 2868 1904 2927; x_wconf 86' lang='lat' dir='ltr'>Neque</span> <span class='ocrx_word' id='word_1_373' title='bbox 1938 2877 2073 2913; x_wconf 88' lang='lat' dir='ltr'>tamen</span> <span class='ocrx_word' id='word_1_374' title='bbox 2106 2866 2254 2911; x_wconf 90' lang='lat' dir='ltr'>desunt</span> <span class='ocrx_word' id='word_1_375' title='bbox 2287 2867 2373 2919; x_wconf 90' lang='lat' dir='ltr'>loci,</span> <span class='ocrx_word' id='word_1_376' title='bbox 2408 2869 2477 2913; x_wconf 91' lang='lat' dir='ltr'>ubi</span> <span class='ocrx_word' id='word_1_377' title='bbox 2511 2871 2627 2928; x_wconf 71' lang='lat' dir='ltr'>‹ejus-</span> 
     </span>
    </p>
   </div>
   <div class='ocr_carea' id='block_1_4' title="bbox 661 2945 2628 3009">
    <p class='ocr_par' dir='ltr' id='par_1_5' title="bbox 661 2945 2628 3009">
     <span class='ocr_line' id='line_1_33' title="bbox 661 2945 2628 3009; baseline 0.001 -18"><span class='ocrx_word' id='word_1_378' title='bbox 661 2948 768 2991; x_wconf 89' lang='lat' dir='ltr'>modi</span> <span class='ocrx_word' id='word_1_379' title='bbox 817 2947 934 3006; x_wconf 90' lang='lat' dir='ltr'>quasi</span> <span class='ocrx_word' id='word_1_380' title='bbox 977 2954 1072 2989; x_wconf 89' lang='lat' dir='ltr'>nota</span> <span class='ocrx_word' id='word_1_381' title='bbox 1116 2947 1365 3007; x_wconf 80' lang='lat' dir='ltr'>epanalepsis</span> <span class='ocrx_word' id='word_1_382' title='bbox 1406 2948 1523 3000; x_wconf 86' lang='lat' dir='ltr'>absit,</span> <span class='ocrx_word' id='word_1_383' title='bbox 1559 2955 1604 2993; x_wconf 92' lang='lat' dir='ltr'>ut</span> <span class='ocrx_word' id='word_1_384' title='bbox 1638 2949 1666 3000; x_wconf 90' lang='lat' dir='ltr'>l,</span> <span class='ocrx_word' id='word_1_385' title='bbox 1705 2947 1775 3001; x_wconf 76' lang='lat'>57,</span> <span class='ocrx_word' id='word_1_386' title='bbox 1813 2947 1855 2993; x_wconf 68' lang='grc' dir='ltr'>εἰ</span> <span class='ocrx_word' id='word_1_387' title='bbox 1884 2947 1930 2992; x_wconf 71' lang='grc' dir='ltr'>δὲ</span> <span class='ocrx_word' id='word_1_388' title='bbox 1959 2946 2114 3007; x_wconf 78' lang='grc' dir='ltr'><em>χρεαίν</em></span> <span class='ocrx_word' id='word_1_389' title='bbox 2146 2945 2233 2991; x_wconf 79' lang='grc' dir='ltr'><em>ἐστι</em></span> <span class='ocrx_word' id='word_1_390' title='bbox 2268 2950 2628 3009; x_wconf 71' lang='grc' dir='ltr'><em>τεκμαιρόμενον</em></span> 
     </span>
    </p>
   </div>
   <div class='ocr_carea' id='block_1_5' title="bbox 767 3123 2622 3174">
    <p class='ocr_par' dir='ltr' id='par_1_6' title="bbox 767 3123 2622 3174">
     <span class='ocr_line' id='line_1_34' title="bbox 767 3123 2622 3174; baseline 0.002 -15"><span class='ocrx_word' id='word_1_391' title='bbox 767 3124 800 3170; x_wconf 81' lang='lat'>²)</span> <span class='ocrx_word' id='word_1_392' title='bbox 828 3123 1084 3168; x_wconf 82' lang='lat' dir='ltr'>Quaestionum</span> <span class='ocrx_word' id='word_1_393' title='bbox 1112 3124 1314 3159; x_wconf 80' lang='lat' dir='ltr'>criticarum</span> <span class='ocrx_word' id='word_1_394' title='bbox 1342 3123 1386 3158; x_wconf 87' lang='lat' dir='ltr'>de</span> <span class='ocrx_word' id='word_1_395' title='bbox 1412 3123 1566 3160; x_wconf 77' lang='lat' dir='ltr'>dialecto</span> <span class='ocrx_word' id='word_1_396' title='bbox 1585 3123 1787 3161; x_wconf 76' lang='lat' dir='ltr'>Herodotea</span> <span class='ocrx_word' id='word_1_397' title='bbox 1805 3124 1888 3161; x_wconf 86' lang='lat' dir='ltr'>libri</span> <span class='ocrx_word' id='word_1_398' title='bbox 1906 3127 2090 3173; x_wconf 78' lang='lat' dir='ltr'>quattuor.</span> <span class='ocrx_word' id='word_1_399' title='bbox 2132 3124 2274 3173; x_wconf 80' lang='lat' dir='ltr'>Lipsiae</span> <span class='ocrx_word' id='word_1_400' title='bbox 2294 3123 2408 3170; x_wconf 87' lang='lat'>1846,</span> <span class='ocrx_word' id='word_1_401' title='bbox 2428 3138 2510 3174; x_wconf 80' lang='lat' dir='ltr'>pag.</span> <span class='ocrx_word' id='word_1_402' title='bbox 2532 3123 2622 3163; x_wconf 88' lang='grc'><strong>108.</strong></span> 
     </span>
    </p>
   </div>
  </div>
 </body>
</html>
