2941 3765
1076 356 1125 390 ne
1148 355 1361 390 anacoluthi·
1383 355 1600 390 nerodooeis.
2152 404 2154 406 V
2270 335 2327 378 45

356 466 578 511 infinitivus
618 466 669 510 ad
710 467 960 527 participium
1007 467 1269 526 conjunctum
1310 466 1501 511 accedere
1556 465 1740 514 debebat,
1792 464 1854 513 111,
1898 466 1995 512 12⁴,
2031 468 2111 504 καί
2138 478 2230 510 κως
2261 463 2327 504 εἲ-

356 543 403 590 τ’
436 545 485 589 ἐκ
517 551 732 603 προνοίης
763 542 897 590 αὕτόν
931 548 1260 603 καταλογέοντα
1291 549 1343 589 τά
1368 543 1571 604 Ὀροίτεω
1605 548 1865 603 πρήγματα,
1899 543 1980 586 εἴτε
2014 547 2088 585 καὶ
2122 548 2324 599 συντυχίη

353 643 416 676 τις
462 628 636 683 τοιαύτη
685 624 912 682 ἐπεγένετο
957 655 1030 671 —.
1074 627 1137 671 Ad
1186 628 1314 687 ipsam
1348 627 1588 671 sententian]
1623 624 1914 669 conficiendam
1946 624 2119 683 pertinet
2153 626 2251 678 (τόν
2285 638 2326 665 τε

357 710 447 766 γάρ
487 706 659 765 κήρυκα
691 734 753 739 -
788 734 846 738 —
880 734 940 740 —
975 708 1283 765 διαλέγεσθαι,
1317 713 1410 764 καὶ)
1443 711 1520 751 τόν
1556 708 1842 763 Πολυκράτεα
1875 731 1937 737 —-
1970 730 2030 736 —-
2060 730 2121 735 —
2154 701 2254 746 οὔτε
2287 719 2323 745 τι

357 779 720 846 μεταστραφῆναι
761 785 858 830 οὔτε
903 786 1251 846 ὖποκρίνασθαι.
1317 787 1499 848 Scriptor
1534 795 1669 832 autem
1704 801 1761 837 ea,
1798 786 1950 846 quibus
1974 784 2185 834 sententia,
2220 797 2325 842 quae

357 869 530 926 abrupta
570 874 643 917 est,
687 867 825 925 perfici
866 867 1048 918 debebat,
1085 868 1133 912 ad
1169 868 1414 928 praecedens
1447 871 1776 923 καταλογὲοντα
1809 866 2092 926 explicandum
2125 863 2322 908 adhibuit.

356 948 548 993 Ceterum
581 947 657 991 hoc
690 946 741 990 de
772 947 857 991 loco
890 963 981 1007 pag.
1018 952 1088 999 30,
1124 949 1218 992 adn.
1253 953 1279 992 8
1315 949 1517 1007 inspicias.
1584 947 1774 990 Similiter
1808 956 1931 1004 atque
1964 946 2028 989 hic
2060 945 2173 989 loeus
2205 959 2324 987 com-

355 1036 523 1089 paratus
570 1034 634 1071 est
674 1027 740 1078 W,
791 1031 860 1079 442
902 1033 975 1071 καὶ
1017 1029 1072 1085 δή
1105 1032 1178 1077 ττές
1209 1031 1399 1085 γνοίμας
1429 1036 1581 1083 σφέων
1614 1034 1965 1085 κεχωρισμένας,
2001 1025 2206 1073 ἐντόνους
2237 1028 2324 1079 μὲν

356 1106 627 1167 ἀμφοτέρας,
677 1103 852 1164 ἀμείνω
887 1107 932 1151 δὲ
965 1110 1042 1165 τὴν
1073 1112 1162 1153 τῶν
1193 1110 1449 1166 βασιλέων·
1499 1110 1577 1166 τήν
1608 1110 1695 1164 μὲν
1727 1109 1817 1166 γάρ
1851 1106 1907 1164 δη
1941 1109 2017 1150 τοῦ
2051 1107 2201 1164 δήμου
2241 1112 2322 1159 φί-

358 1205 453 1249 ρειν
486 1191 691 1245 γνώμην,
724 1184 787 1235 ὥς
818 1214 878 1219 ——
912 1215 986 1231 —.
1019 1189 1275 1249 Quamquam
1308 1190 1379 1233 Kr.
1409 1191 1497 1247 γάρ
1522 1188 1591 1246 δή,
1616 1188 1725 1247 quod
1748 1197 1808 1232 est
1833 1189 1873 1232 in
1896 1188 2114 1237 codicibus,
2140 1187 2321 1230 circum—

355 1270 528 1331 scripsit.
594 1267 675 1312 Sed
717 1270 795 1326 την
836 1270 922 1325 μὲν
963 1271 1052 1328 γάρ
1085 1276 1237 1330 φέρειν
1272 1298 1330 1303 -
1365 1297 1427 1303 —
1460 1277 1601 1315 contra
1634 1269 1843 1315 consilium
1878 1263 2119 1319 institutum,
2155 1284 2206 1311 ex
2239 1282 2322 1326 quo

358 1358 512 1409 φέρειν
559 1350 609 1393 ad
658 1349 942 1392 antecedentes
990 1351 1240 1395 accusativos
1280 1358 1486 1411 tamquam
1530 1351 1804 1411 praedicatum
1847 1350 2103 1395 referendum
2135 1356 2234 1399 erat,
2271 1346 2321 1392 ad

357 1433 452 1477 illud
486 1437 826 1488 κεχωρισμένας
858 1430 1137 1489 explicandum
1162 1432 1394 1476 adhibetur.
1451 1433 1525 1476 Lb.
1560 1439 1694 1476 autem
1726 1432 1776 1476 ad
1826 1430 2079 1491 participium
2129 1445 2322 1487 κεχωρι-

355 1520 522 1569 σμένας
552 1511 722 1563 verbum
757 1508 869 1552 εἶναι
903 1511 1092 1570 intelligit,
1129 1512 1198 1555 sed
1230 1513 1364 1556 obstat
1397 1513 1468 1556 Kr.
1503 1514 1531 1563 l,
1571 1515 1641 1563 56,
1681 1516 1720 1563 3,
1760 1516 1800 1556 ὃ.

478 1592 576 1636 Post
624 1589 878 1650 participium
927 1591 1156 1636 absolutum
1205 1593 1374 1637 verbum
1414 1593 1678 1644 desideratur,
1731 1594 1794 1643 lll,
1849 1596 1920 1643 53,
1958 1588 2240 1646 ἀπικομένης
2272 1590 2319 1632 δὲ

354 1675 505 1731 ταύτης
550 1677 624 1715 καὶ
674 1672 905 1729 λεγούσης,
954 1672 1061 1730 quod
1112 1680 1202 1732 post
1248 1673 1465 1733 longiorem
1510 1673 1733 1718 orationem
1784 1681 1947 1723 rectam,
1996 1686 2102 1731 quae
2136 1670 2321 1731 proxime

355 1754 552 1813 sequitur,
588 1768 661 1812 per
688 1751 742 1795 ‘H
769 1755 856 1807 μὲν
890 1751 945 1807 δή
980 1755 1035 1795 τά
1068 1753 1385 1809 ἐπαγωγότατα
1419 1781 1476 1787 -
1514 1781 1576 1787 -
1609 1781 1669 1786 —
1702 1754 1826 1809 ἔλεγε
1864 1756 1978 1810 πρὸς
2009 1749 2161 1805 αὐτόν,
2196 1767 2320 1812 repe-

354 1835 464 1886 titur,
507 1835 624 1893 cujus
664 1832 825 1893 quidem
869 1831 1070 1877 contrario
1104 1832 1130 1877 ὁ
1163 1834 1208 1878 δὲ
1243 1833 1603 1893 ὑποκρινάμενος
1635 1836 1719 1891 ἔφη
1755 1863 1813 1868 -
1849 1862 1908 1867 -
1944 1834 2143 1877 sententia
2177 1833 2320 1876 absol-

353 1915 473 1960 vitur.
539 1914 587 1966 Y,
646 1914 744 1966 424,
791 1912 1121 1970 Ἆλισκομένων
1170 1913 1215 1958 δὲ
1258 1918 1344 1958 τῶν
1384 1916 1574 1970 πολίων,
1609 1913 1664 1974 ἦν
1696 1919 1786 1973 γάρ
1821 1914 1883 1963 ὥς
1914 1914 2083 1965 διέδεξε
2114 1911 2319 1972 Ἀριστα-

353 1997 494 2056 γόρης
527 2023 582 2029 —-
622 1997 767 2053 ψυχήν
800 1990 881 2038 οὐκ
914 1991 1061 2053 ἄκρος,
1095 1992 1145 2044 ὃς
1177 1994 1364 2054 ταράξας
1395 1999 1473 2054 την
1508 1992 1678 2054 Ἰωνίην
1717 2001 1792 2040 καὶ
1815 1994 2179 2054 ἐγκερασάμενος
2201 1997 2321 2054 πρή-

353 2094 503 2135 γματα
550 2076 734 2133 μεγάλα
784 2074 991 2133 δρησμόν
1039 2073 1245 2130 ἐβούλευε
1295 2075 1441 2135 ὁρέων
1490 2079 1653 2120 ταῦτα·
1689 2080 1805 2136 προς
1837 2076 1887 2120 δέ
1927 2075 1970 2119 οἳ
2012 2079 2086 2118 καὶ
2120 2071 2321 2118 ἀδύνατα

355 2157 497 2214 ἐφάνη
539 2157 733 2212 βασιλέα
778 2158 976 2212 Δαρεῖον
1009 2153 1362 2211 ὕπερβαλέσθαι.
1397 2159 1510 2214 πρὸς
1540 2160 1674 2200 ταῦτα
1709 2157 1765 2214 δὴ
1799 2153 1865 2200 (ὃν
1899 2183 1958 2188 —-
1994 2182 2054 2188 —
2091 2183 2149 2188 -—
2184 2154 2320 2212 ἐβου-

354 2240 519 2281 λεύετο.
584 2235 698 2280 Hanc
745 2234 1033 2279 vocabulorum
1082 2235 1395 2286 distinctionem,
1451 2252 1556 2295 quae
1612 2237 1755 2281 Steinii
1805 2247 1878 2287 est,
1930 2238 2079 2296 quippe
2119 2251 2224 2294 quae
2269 2237 2319 2279 ad

353 2319 485 2363 locum
535 2315 836 2375 intelligendum
885 2314 1031 2374 optima
1074 2315 1167 2360 mihi
1202 2316 1285 2361 visa
1320 2316 1382 2367 sit,
1419 2316 1562 2376 recepi.
1618 2316 1767 2369 Scbw.‚
1803 2316 1887 2378 Sg„
1923 2316 2013 2361 Joh.
2046 2324 2140 2360 ante
2173 2314 2320 2374 ὁρέων

354 2414 512 2444 coinma
546 2403 715 2458 ponunt,
751 2403 842 2455 post
875 2399 1006 2438 ταῦτα
1039 2397 1166 2441 colon.
1233 2398 1281 2442 D.
1316 2405 1354 2442 et
1388 2398 1465 2442 Ab.
1500 2406 1539 2443 et
1573 2407 1667 2443 ante
1701 2391 1848 2456 ὁρέων
1881 2401 2014 2441 ταῦτα
2047 2406 2086 2441 et
2110 2406 2202 2457 post
2225 2396 2320 2441 illud

353 2488 393 2524 et
440 2486 533 2540 post
580 2476 929 2535 ὑπερβαλέσθαι
980 2491 1133 2522 comma
1176 2478 1339 2522 babent.
1407 2478 1620 2522 Praeterea
1661 2479 1733 2523 Kr.
1768 2493 1992 2539 pronomen
2026 2478 2236 2523 relativum
2271 2474 2322 2528 ὃς

353 2563 428 2605 hoc
470 2561 556 2603 loco
596 2557 809 2601 delendum
855 2572 945 2600 esse
994 2560 1223 2619 suspicatus
1272 2567 1346 2602 est.
1410 2558 1491 2602 Sed
1540 2559 1703 2603 relativa
1754 2560 1817 2603 illa
1850 2559 2090 2609 enunciatio,
2128 2574 2202 2622 pro
2235 2574 2319 2619 qua

353 2640 543 2702 primaria
577 2654 667 2683 esse
699 2637 883 2689 debebat,
920 2655 965 2683 ea
999 2640 1222 2691 confirmat,
1258 2655 1363 2699 quae
1395 2640 1616 2684 antedicta
1640 2649 1749 2692 sunt,
1777 2642 2056 2700 Aristagoram
2080 2641 2162 2684 acri
2185 2642 2321 2685 animo

353 2723 547 2768 caruisse.
631 2725 765 2781 Atque
814 2722 886 2766 alia
946 2720 1072 2764 forma
1121 2721 1219 2763 haec
1267 2720 1494 2763 enunciatio
1543 2720 1646 2763 infra
1699 2722 1874 2765 recurrit
1921 2724 2036 2779 πρός
2082 2724 2215 2765 ταῦτα
2264 2721 2319 2778 δή

354 2799 420 2847 (ὃν
453 2831 514 2837 -
549 2830 606 2836 —-
643 2830 716 2846 —.

476 2883 767 2929 Secundariam
808 2882 1127 2927 enunciationem
1167 2880 1274 2925 nulla
1317 2881 1515 2941 primaria,
1560 2884 1624 2928 cui
1669 2885 1921 2944 respondeat,
1960 2884 2166 2943 sequitur:
2201 2885 2320 2941 cujus

353 2964 638 3024 anantapodoti
687 2965 768 3007 duo
800 2963 982 3024 exempla
1015 2962 1121 3022 apud
1154 2961 1400 3007 Herodotum
1431 2963 1578 3013 inveni,
1616 2964 1680 3015 Vl,
1725 2965 1823 3015 437,
1862 2965 2092 3021 Πελασγοὶ
2126 2962 2226 3007 ἐπεί
2275 2981 2315 3008 τε

353 3043 402 3088 ἐκ
432 3048 509 3103 τῆς
531 3040 720 3102 Ἀττικῆς
751 3044 841 3088 ὑπὸ
868 3042 1122 3101 Ἀθηναίων
1154 3043 1479 3099 ἐξεβλήθησαν.
1534 3044 1730 3104 Sequitur
1762 3047 1918 3106 longior
1940 3046 2079 3096 oratio,
2104 3060 2198 3106 qua,
2220 3048 2313 3106 jure

354 3141 408 3170 an
439 3125 585 3186 injuria
618 3125 776 3185 Pelasgi
808 3140 859 3170 ex
893 3125 1024 3170 Attica
1057 3123 1213 3183 expulsi
1246 3123 1337 3173 sint,
1373 3124 1612 3183 ambigitur;
1648 3142 1778 3185 quare
1810 3143 1860 3170 ex
1895 3128 1976 3170 line
2009 3127 2172 3170 demum
2195 3128 2318 3186 liujus

475 3219 591 3253 Lunds
618 3218 714 3253 univ.
738 3210 917 3253 Arsskrift.
962 3218 1058 3253 Tom.
1083 3218 1120 3252 V.
2173 3222 2194 3253 9
