2941 3765
596 318 654 362 42
1415 336 1448 369 S.
1474 337 1512 369 E.
1539 336 1730 369 Mel-under.

591 442 829 487 δουλεῦσαι
865 469 938 485 --.
972 442 1060 486 Jani
1094 458 1217 502 porro
1250 443 1354 488 duos
1387 443 1495 488 locos
1527 445 1634 504 apud
1668 444 1916 489 Herodotum
1935 443 2094 494 inveni,
2130 443 2199 487 ubi
2232 443 2456 487 infinitivus
2489 457 2562 486 se-

591 532 744 584 quatur
786 522 1028 567 infinitivum
1070 523 1314 575 absolutum,
1358 541 1480 583 quein
1530 534 1686 576 vocant,
1738 526 1783 576 11,
1845 527 1943 575 1125,
1996 550 2053 557 —-
2091 521 2153 571 «15,-
2184 522 2262 578 ἐμὲ
2298 518 2346 566 εὖ
2378 526 2563 579 μεμνῆ-

590 606 705 648 σθαι
738 631 797 637 -
832 630 909 657 ——,
944 602 1156 664 ἑξακόσια
1188 609 1262 648 καὶ
1290 605 1417 661 χίλια
1450 607 1643 648 τάλαντα
1676 601 1890 665 α’ργυρίου
1924 605 2197 647 τετελέσθαι.
2264 604 2345 656 Vll,
2383 605 2487 656 229,
2524 602 2568 647 εἰ

589 692 679 742 μέν
729 701 806 728 νυν
858 681 912 742 ἧν
961 688 1135 740 μοῦνον
1171 681 1498 743 Ἀριστόδημον
1541 714 1598 720 —-
1633 713 1693 721 —-
1728 683 2035 743 ἀπονοστῆσαι
2068 712 2130 718 —-
2163 713 2237 737 -—‚
2275 682 2301 742 ἢ
2334 689 2408 727 καὶ
2442 682 2564 740 ὁμοῦ

591 772 744 821 σφέων
787 761 1062 822 ἀμφοτέρων
1108 768 1185 821 τήν
1229 766 1426 823 κομιδὴν
1470 771 1703 821 γενέσθαι,
1738 768 1911 809 δοκέειν
1944 765 2048 819 ἐμοὶ
2082 762 2163 809 οὔκ
2195 764 2251 808 ἄν
2284 779 2364 821 σφι
2399 766 2564 821 Σπαρ-

590 849 739 903 τιήτας
778 849 918 903 μῆνιν
960 843 1180 901 οὐδεμίαν
1213 849 1524 904 προσθέσθαι,
1559 863 1806 907 quamquam
1841 848 1913 890 Kr.
1948 855 2090 891 contra
2121 847 2279 890 codices
2315 830 2489 888 δοκέειν
2522 844 2564 887 ἰιι

592 926 739 971 δοκέει
773 927 1028 987 permutavit.
1064 926 1125 971 St.
1158 943 1321 986 quoque
1355 929 1397 970 εί
1424 935 1512 983 μέν
1546 945 1583 971 ν.
1620 925 1646 985 ἢ
1677 931 1853 983 μοῦνον
1886 928 2070 971 scribens
2103 928 2260 971 codices
2294 926 2430 980 laesit,
2466 940 2561 969 nam

594 1003 653 1063 ἢν
701 1022 843 1051 onmes
894 1009 1086 1066 praebent
1139 1017 1306 1066 excepto
1340 1009 1462 1051 Arvh.
1508 1011 1576 1063 (=
1610 1008 1853 1063 Saum-oft),
1889 1008 1929 1050 in
1963 1023 2057 1065 qun,
2094 1015 2139 1050 ut
2171 1006 2306 1050 Sehw.
2341 1007 2469 1056 ‹tm-fet,
2508 1001 2561 1062 ἦν

591 1086 787 1133 omissum
816 1096 911 1149 ,esu
978 1087 1150 1133 Restant
1203 1087 1286 1139 loci,
1335 1088 1401 1133 ubi
1446 1089 1573 1148 primo
1606 1090 1768 1148 quidem
1803 1088 1987 1147 sequitur
2019 1088 2190 1132 verbum
2224 1088 2382 1132 flnimm
2417 1086 2563 1129 deinde

591 1174 725 1211 tamen
775 1168 1010 1218 infinitivus
1064 1168 1111 1219 V,
1177 1170 1238 1220 1⁰,
1280 1166 1356 1217 Ὡς
1403 1195 1459 1201 —-
1507 1168 1695 1227 Θρήϊκες
1738 1171 1934 1225 λέγουσι,
1976 1168 2190 1223 μέλισσαι
2238 1174 2471 1223 κατέχουσι
2506 1168 2560 1210 τα

590 1254 731 1304 πέρην
781 1251 856 1290 τοῦ
896 1247 1082 1307 Ἴστρου,
1126 1252 1201 1289 καὶ
1236 1246 1323 1290 ὑπό
1359 1248 1522 1291 τούτων
1555 1245 1635 1293 ocu:
1670 1246 1782 1292 εἶναι
1818 1249 2019 1292 διελθεῖν
2055 1251 2103 1292 τό
2137 1253 2423 1306 προσωτέρω,
2494 1247 2561 1299 Vl,

595 1328 668 1377 534,
723 1353 780 1358 —-
832 1326 894 1375 ὥς
943 1354 1000 1360 —-
1038 1327 1064 1370 ὁ
1100 1332 1315 1385 Περσέων
1349 1329 1487 1385 λόγος
1518 1332 1709 1385 λέγεται,
1744 1326 1874 1377 αὐτὸς
1906 1328 1933 1372 ὅ
1967 1330 2166 1386 ΙΙερσεῠς
2196 1354 2256 1360 —-
2291 1352 2353 1359 —-
2386 1326 2562 1382 ἐγένετο

576 1404 590 1420 ἰ

591 1405 746 1466 ‘El-2121!
778 1434 837 1440 ——
873 1435 932 1440 —
969 1423 1045 1439 —·
1081 1409 1179 1456 τούς
1213 1408 1259 1452 δὲ
1289 1405 1509 1468 Ἀκρισίου
1544 1426 1593 1466 γε
1628 1416 1821 1467 πατέρας
1852 1436 1910 1442 -
1947 1436 2005 1442 —
2042 1436 2115 1463 —,
2152 1410 2323 1456 τούτους
2356 1407 2401 1450 δὲ
2432 1404 2563 1461 εἶναι,

591 1515 652 1522 —-
685 1515 746 1520 ——
781 1514 855 1542 —‚
890 1490 1159 1545 Αἰγυπτίους
1177 1489 1238 1545 ⁴).

714 1570 862 1614 Generi
911 1568 1162 1612 antecedenti
1203 1569 1337 1612 affinis
1379 1576 1442 1611 est
1477 1568 1599 1619 locus,
1636 1569 1704 1613 ubi
1730 1574 1833 1626 post
1865 1569 2076 1622 ejusmodi
2100 1568 2387 1624 parenthesin
2420 1568 2563 1624 sequi-

593 1656 665 1696 tur
706 1652 859 1695 locutio
886 1649 1189 1706 participialis
1213 1665 1300 1705 pro
1334 1652 1647 1704 enunciatione,
1680 1653 1804 1704 cujus
1838 1650 2012 1693 verbum
2033 1649 2215 1702 finitum
2248 1663 2339 1694 esse
2372 1649 2561 1694 debebat.

592 1732 677 1784 Vll,
722 1732 821 1783 184,
859 1759 917 1765 -—
953 1736 1027 1775 καὶ
1061 1730 1243 1788 πλῆθος
1277 1726 1329 1787 ἧν
1362 1734 1601 1788 τηνικαῦτα
1634 1730 1707 1785 ἔτι,
1742 1729 1804 1779 (ὃς
1835 1730 1924 1787 ἐγώ
1949 1728 2334 1786 συμβαλλόμενος
2355 1728 2564 1789 εὖρίσκω,

697 1873 731 1918 ⁴)
759 1872 840 1907 Non
868 1870 998 1906 desunt
1024 1870 1104 1913 loci,
1133 1871 1195 1917 qui
1223 1872 1267 1906 ab
1294 1871 1551 1918 interpretibus
1577 1884 1705 1918 parum
1733 1875 1814 1918 apte
1842 1871 1911 1906 huc
1938 1870 2042 1905 relati
2070 1869 2273 1905 videantur.
2321 1869 2563 1913 Hermannus,

590 1935 629 1968 in
659 1934 843 1980 Vigerum,
871 1945 955 1980 pag.
983 1931 1071 1975 892,
1102 1932 1190 1979 legit
1218 1933 1245 1975 1,
1275 1933 1338 1975 58,
1367 1929 1422 1978 ὡς
1448 1931 1497 1985 δὴ
1525 1926 1580 1970 ὧν
1607 1929 1699 1982 ἐμοί
1726 1944 1769 1982 γε
1796 1928 1952 1969 δοκέειν
1978 1928 2025 1969 τὸ
2052 1928 2310 1982 Πελασγικὸν
2337 1925 2469 1979 ἔθνος,
2498 1925 2566 1969 ἑὸν

589 1993 806 2048 βάρβαρον,
847 1991 1005 2043 οὐδαμὰ
1043 1992 1227 2044 μεγάλως
1266 1991 1503 2047 αὐξηθῆναι,
1545 1996 1605 2030 sed
1640 1996 1676 2030 in
1712 1995 1823 2037 nullo,
1862 1999 2035 2041 quantum
2069 1994 2234 2041 equidem
2262 1994 2420 2030 invenire
2446 1995 2563 2041 potui,

590 2059 711 2094 codice
754 2058 885 2105 legitur
924 2054 1088 2095 δοκέειν.
1143 2057 1309 2093 Ceterum
1350 2058 1529 2104 scriptura
1567 2055 1669 2107 πρὸς
1704 2054 1753 2109 δὴ·
1780 2049 1844 2102 ὧν,
1872 2056 2005 2103 quippe
2032 2068 2139 2104 quae,
2168 2056 2197 2091 si
2226 2056 2563 2104 Schweighaeusero

590 2121 696 2156 fidem
724 2121 929 2163 habeamus,
958 2119 1138 2156 codicibus
1164 2120 1276 2167 magis
1303 2120 1347 2155 sit
1373 2120 1592 2163 confirmata,
1622 2120 1673 2155 illi
1702 2116 1756 2165 ὡς
1782 2117 1830 2171 δὴ
1858 2112 1912 2156 ὢν
1937 2120 2181 2162 anteferatur3
2210 2119 2321 2155 Schw.
2340 2124 2459 2155 tamen
2479 2119 2563 2155 scri-

589 2183 643 2218 bit
669 2179 723 2228 ὦς
750 2180 798 2234 δι)
825 2175 879 2218 ὦν
906 2178 997 2230 ἐμοί
1025 2194 1067 2219 τε
1096 2179 1225 2220 δοκέει
1256 2205 1319 2219 --.
1349 2182 1421 2218 Sed
1450 2182 1509 2225 D„
1539 2183 1634 2226 doh„
1665 2183 1744 2229 Lh„
1774 2182 1851 2225 Kr.,
1887 2182 1949 2229 qui
1984 2181 2118 2218 Reiskii
2159 2181 2440 2219 emendationem
2471 2176 2567 2231 ἔμοί

589 2258 633 2294 γε
673 2259 739 2292 pro
780 2246 855 2286 illo,
896 2246 994 2290 quod
1034 2246 1137 2281 codd.
1175 2247 1355 2288 exhibent,
1392 2243 1483 2292 ἐμοί
1511 2258 1554 2281 τε
1582 2251 1804 2291 receperunt.¹
1835 2250 1929 2279 recte
1957 2246 2085 2292 legunt
2119 2243 2221 2296 πρὸς
2256 2243 2305 2297 δὴ
2340 2238 2395 2282 ὧν
2427 2241 2565 2295 ἔμοιγε

589 2303 721 2346 δοκέει
763 2331 814 2336 --
845 2330 906 2346 -.
943 2308 1016 2355 Sg„
1046 2308 1112 2351 St„
1141 2309 1209 2344 Ab.
1238 2309 1355 2346 aliter.
1385 2308 1503 2344 Etiam
1532 2309 1577 2350 11,
1610 2309 1672 2350 56,
1703 2310 1930 2344 Hei-manuus
1957 2309 1983 2343 l.
2010 2309 2036 2343 l.
2066 2309 2137 2354 legi
2161 2309 2266 2354 jubet
2291 2305 2446 2345 δοκέειν
2472 2305 2562 2355 ἐμοὶ

589 2367 610 2422 ἡ
651 2367 745 2423 γυνὴ
788 2393 847 2418 -,
883 2370 982 2418 quod
1008 2371 1152 2418 quidem
1179 2370 1339 2406 codicum
1367 2370 1578 2406 auctoritate
1606 2383 1677 2406 non
1705 2376 1814 2413 caret,
1844 2375 1885 2406 ut
1914 2369 2035 2406 videre
2064 2370 2144 2406 licet
2171 2370 2267 2418 apud
2295 2371 2564 2418 Schweighaeu-

588 2446 720 2479 serum,
764 2435 825 2469 sed
867 2433 1149 2470 commendatius
1183 2433 1378 2468 editoribus
1420 2434 1535 2468 visum
1577 2439 1628 2468 est
1663 2431 1807 2470 δοκέει.
1861 2434 1924 2475 ΙΙΙ,
1955 2431 2016 2475 14,
2046 2430 2132 2470 Καὶ
2162 2436 2289 2470 ταῦτα
2317 2430 2371 2479 (ὃς
2398 2430 2563 2472 ἀπενει-

586 2492 744 2544 χθέντα
784 2492 865 2533 ὑπὸ
908 2492 1048 2533 τούτου
1074 2488 1117 2532 εὖ
1150 2492 1305 2532 δοκέειν
1332 2490 1368 2532 οὶ
1401 2490 1608 2546 εἰρῆσθαι,
1638 2492 1691 2540 (ὃς
1718 2494 1762 2533 δὲ
1790 2493 1947 2544 λέγεται
1978 2490 2057 2533 ὑπ’
2085 2491 2345 2544 Αἰγυπτίων,
2375 2494 2564 2547 δακρύειν

587 2556 661 2608 μὲν
702 2559 883 2609 Κροῖσον
923 2580 973 2587 —-
1020 2576 1080 2594 —·-.
1121 2558 1190 2594 Ab.
1231 2563 1310 2605 post
1350 2554 1492 2596 τούτου
1532 2559 1683 2596 inseruit
1721 2554 1872 2611 ἤκοισε,
1909 2559 1961 2596 St..
1989 2563 2108 2596 autem
2136 2558 2298 2596 lacunam
2325 2572 2399 2595 esse
2426 2561 2564 2602 statuit.

591 2623 662 2657 Sed
691 2623 787 2656 haud
815 2623 887 2656 scio
913 2635 959 2655 au
989 2623 1034 2656 l).
1063 2623 1196 2666 aliique
1223 2622 1382 2655 codicum
1410 2623 1621 2667 scripturam
1650 2623 1820 2656 intactam
1848 2634 1921 2656 esse
1949 2626 2046 2656 recte
2074 2622 2267 2658 voluerint.
2324 2623 2448 2668 Neque
2476 2634 2562 2658 vero

589 2683 646 2719 hic
685 2682 783 2719 locus
817 2695 897 2719 cum
939 2682 995 2727 iis,
1036 2682 1100 2730 qui
1134 2695 1242 2731 supra
1269 2682 1398 2720 lineam
1426 2683 1523 2720 allati
1551 2687 1645 2727 sunt,
1674 2690 1910 2732 comparetur,
1939 2697 2080 2720 necesse
2106 2689 2180 2729 est3
2207 2685 2284 2732 ipsa
2310 2686 2405 2721 enim
2433 2687 2560 2729 oratio,

588 2758 680 2792 quae
719 2746 866 2792 obliqua
906 2749 971 2788 est,
1008 2745 1224 2780 infinitivum
1260 2742 1376 2780 efficit.
1431 2745 1494 2788 IX,
1524 2744 1587 2789 85,
1617 2767 1666 2774 -
1694 2742 1857 2792 τούτους
1883 2770 1943 2794 --,
1973 2741 2027 2793 ὥς
2054 2742 2131 2797 ἐγώ
2157 2744 2436 2797 πυνθάνομαι,
2465 2742 2562 2787 ἑκά-

589 2824 710 2856 στους
747 2807 919 2857 χώματα
944 2813 1090 2856 χῶσαι.
1144 2810 1210 2845 Hic
1252 2814 1291 2845 ut
1328 2822 1432 2856 saepe
1468 2812 1677 2857 scriptorem
1713 2811 1760 2845 ad
1786 2810 1968 2855 obliquam
1994 2810 2191 2845 orationem
2220 2811 2337 2846 subito
2363 2811 2560 2853 transiisse,

586 2878 689 2923 puto,
732 2885 805 2921 qua
845 2871 891 2908 de
931 2882 970 2907 re
1005 2871 1071 2908 cfr.
1109 2884 1191 2920 pag.
1222 2872 1259 2908 5.
1312 2872 1374 2916 ΠΙ,
1405 2871 1466 2916 56,
1496 2868 1550 2918 ιῦς
1576 2869 1620 2911 δὲ
1649 2868 1671 2910 ὁ
1696 2868 1967 2923 ματαιότερος
1993 2868 2112 2922 λόγος
2138 2869 2320 2926 ὥρμηται
2348 2871 2563 2925 λέγεσθαι,

586 2933 853 2987 Πολυκράτεα
897 2959 943 2963 ——
986 2933 1124 2973 δοῦναι
1168 2959 1230 2973 —-.
1266 2936 1323 2971 Sic
1358 2936 1424 2972 Ab.
1468 2936 1616 2973 Codices
1654 2941 1772 2972 autem
1807 2937 1982 2983 praebent
2009 2933 2182 2984 λέγεται,
2209 2938 2306 2983 quod
2334 2937 2566 2973 retinuerunt

586 3001 712 3042 Schw.,
756 3000 831 3047 Sg.‚
874 2999 971 3040 Joh.,
1001 2998 1080 3041 Lh.,
1109 2999 1188 3034 Kr..
1219 2999 1261 3034 D.
1293 3021 1338 3026 —
1368 2999 1419 3036 St.
1449 2997 1609 3050 λέγεται
1638 2999 1926 3047 circumscripsit.
1970 2998 2052 3036 Jam
2091 2999 2160 3036 Ab.
2189 3000 2234 3036 ad
2260 3000 2562 3049 permutationem

586 3077 686 3100 suam
727 3063 950 3112 probandam
991 3062 1096 3098 affert
1134 3063 1194 3102 IV.
1240 3063 1286 3099 16
1326 3061 1443 3112 λόγος
1469 3062 1650 3115 ὥρμηται
1678 3062 1876 3113 λέγεσθαι
1906 3085 1953 3091 -
1985 3068 2021 3098 et
2051 3064 2110 3105 VI,
2141 3063 2204 3105 86,
2233 3065 2270 3105 4,
2299 3061 2322 3100 ὃ
2348 3061 2466 3114 λόγος
2493 3062 2562 3101 ὅδε

587 3122 758 3179 ὡρμήθη
787 3122 998 3177 λέγεσθαι,
1027 3125 1090 3162 sed
1117 3124 1212 3162 haud
1230 3125 1365 3163 minore
1380 3128 1461 3175 jure
1481 3127 1539 3176 Sg.
1558 3132 1593 3164 et
1611 3127 1673 3165 Kr.
1692 3127 1924 3165 contulerunt
1943 3126 2021 3170 VII,
2043 3125 2129 3171 189,
2147 3123 2201 3173 ὡς
2218 3123 2346 3180 φάτις
2363 3124 2560 3180 ὥρμηται.
