2941 3765
1019 315 1067 349 De
1090 313 1297 347 anacoluthis
1319 313 1534 347 Herodoteis.
2165 291 2218 336 17

262 422 376 467 tivus
424 426 523 466 ante
573 421 840 477 Infinitivum
888 425 1022 468 locum
1070 423 1252 478 subjecti
1290 422 1461 477 obtinet,
1502 434 1757 478 quamquam
1784 420 2073 476 grammatica
2104 420 2219 463 ratio

259 503 552 547 accusativum
577 504 722 558 poscit
740 503 801 558 ⁸).

384 583 498 636 Quae
541 582 748 627 abnormis
791 586 1037 630 constructio
1069 584 1237 644 duplicis
1270 592 1331 628 est
1362 583 1546 643 generis3
1581 590 1705 642 atque
1738 581 1789 626 ad
1824 595 1952 626 unum
1985 594 2115 639 genus
2147 578 2219 623 loci

262 663 506 714 referuntur,
553 678 728 722 quorum
769 679 816 708 ea
848 672 909 710 cst
940 666 1051 718 ratio,
1088 673 1131 711 ut
1165 665 1347 726 scriptor,
1383 664 1453 725 qui
1487 671 1653 709 auctore
1685 662 1862 723 quodam
1895 660 2018 706 verba
2050 659 2219 719 alicujus

262 744 372 789 initio
419 743 641 804 protulerit,
692 745 871 789 oratione
921 747 1157 806 procedente
1197 743 1402 793 auctorem
1437 745 1670 804 relinquens
1704 758 1763 794 ea,
1798 756 1903 802 quae
1933 742 2136 792 dicuntur,
2168 740 2219 783 ad

261 840 355 870 eum
404 824 537 885 ipsum
587 825 768 885 proxime
817 825 972 877 referat,
1015 827 1064 871 de
1105 842 1186 886 quo
1229 828 1376 887 agitur.
1442 826 1532 870 Huc
1566 825 1769 885 pertinent
1802 824 1842 867 hi
1875 823 1959 873 loci,
1995 823 2036 865 in
2069 821 2219 881 quibus

261 905 533 951 nominativus
573 906 820 966 pronominis
859 903 991 955 αὗτός’
1025 908 1292 952 anacoluthon
1326 907 1467 950 efficit:
1510 908 1538 957 l,
1576 909 1616 957 2,
1653 908 1753 953 τούς
1786 905 1831 946 δὲ
1868 902 2219 959 ὑποκρίνασθαι,

260 985 325 1035 aig
365 982 465 1029 οὐδὲ
508 984 667 1029 ἐκεῖνοι
707 983 815 1035 Ἰοῦς
844 990 918 1043 τῆς
942 984 1138 1046 Ἀργείης
1168 988 1332 1032 ἔδοσάν
1364 1003 1443 1042 σφι
1480 987 1606 1035 δίκας
1635 990 1713 1043 τῆς
1744 984 1981 1043 ἁρπαγῆς·
2017 978 2118 1026 οὔδε
2155 977 2220 1026 (ὃν

262 1063 383 1109 αὗτοῖ
417 1066 579 1109 δαίσειν
627 1065 845 1109 ἐκείνοισι.
911 1067 1143 1111 Extremam
1191 1068 1525 1118 enunciationem,
1576 1082 1681 1125 quae
1729 1082 1779 1110 ex
1829 1067 1929 1113 τούς
1976 1063 2022 1107 δὲ
2058 1061 2218 1120 ὖποκρ.

260 1146 437 1206 pendere
484 1145 667 1196 debebat,
720 1146 890 1206 scriptor
937 1146 1130 1198 formavit,
1164 1148 1281 1208 quasi
1313 1148 1567 1193 antecederet
1602 1146 1645 1191 οἳ
1679 1146 1724 1189 δὲ
1761 1143 2064 1202 ὑπεκρίναντο.
2129 1142 2220 1197 Qua

260 1226 571 1271 constructionis
619 1226 911 1285 permutatione
958 1229 1214 1281 contrarium,
1263 1229 1373 1289 quod
1421 1229 1526 1272 inter
1568 1227 1729 1271 ἐκεῖνοι
1762 1233 1801 1269 et
1834 1220 1965 1273 αὗτός
1995 1223 2216 1274 intercedit,

259 1308 483 1352 evidentius
516 1306 768 1365 exprimitur.
833 1308 878 1359 11,
922 1310 1017 1359 118,
1052 1311 1148 1358 τούς
1179 1309 1224 1353 δὲ
1263 1311 1484 1369 Τευκρούς
1513 1310 1592 1352 τόν
1625 1303 1757 1352 αὖτὸν
1787 1307 1928 1362 λόγον
1956 1306 2107 1362 λέγειν
2129 1307 2219 1347 τότε

260 1393 334 1433 καὶ
382 1395 634 1445 μετέπειτεν
682 1414 743 1419 —-
793 1415 854 1420 ——
896 1415 956 1420 —
1003 1391 1069 1446 μή
1119 1393 1204 1447 μὲν
1253 1389 1368 1447 ἔχειν
1410 1387 1598 1448 Ἑλένην
1637 1388 1753 1447 μηδὲ
1795 1390 1847 1431 rc?
1888 1386 2223 1442 ἐπικαλεύμενα

253 1471 481 1527 χρήματα,
515 1464 622 1511 ἄλλ’
658 1464 771 1512 εἶναι
804 1464 912 1512 αὗτιὶ
945 1471 1085 1512 πάντα
1116 1468 1161 1512 ἐν
1192 1469 1424 1529 Αἰγύπτῳ,
1459 1475 1534 1513 καὶ
1567 1466 1648 1514 οὔκ
1681 1468 1738 1512 ἂν
1772 1469 1958 1517 δικαίως
1990 1464 2113 1510 αὖτοὶ
2151 1467 2220 1509 δι’-

260 1566 342 1598 κας
389 1548 566 1605 ὑπέχειν
604 1553 692 1594 τιῦν
732 1552 940 1608 Πρωτεῠς
972 1549 998 1593 ὖ
1030 1550 1265 1606 Αἰγύπτιος
1296 1553 1510 1607 βασιλεῦς
1542 1551 1642 1607 ἔχει.
1709 1551 1783 1594 Hic
1814 1548 1909 1594 iilud
1941 1544 2063 1591 αὖτοὶ
2098 1547 2223 1595 δίκας

263 1627 442 1685 ὑπέχειν
490 1630 648 1689 respicit
694 1630 737 1673 οἳ
779 1629 824 1672 δὲ
863 1634 1046 1688 Τευκροῑ
1079 1624 1250 1687 ἔλεγον.
1317 1633 1375 1676 lta
1408 1634 1512 1677 inter
1546 1648 1590 1676 se
1622 1632 1769 1675 clarius
1803 1636 2066 1690 opponuntur
2098 1623 2227 1670 αὐτοί

257 1716 298 1753 et
332 1711 553 1769 Πρωτεύς.
607 1709 747 1769 Neque
780 1710 820 1753 in
863 1710 922 1761 iis,
958 1724 1061 1769 quae
1091 1711 1272 1771 proxime
1305 1721 1534 1772 sequuntur
1566 1727 1698 1771 usque
1730 1711 1781 1753 ad
1815 1726 1902 1770 cap.
1944 1711 2042 1758 119,
2079 1722 2221 1750 sacer-

259 1789 400 1834 dotum
451 1790 741 1849 Aegyptiorum
786 1791 864 1834 ulla
906 1791 1005 1834 ratio
1046 1792 1228 1835 habetur.
1294 1792 1522 1836 Herodotus
1555 1802 1691 1836 tamen
1724 1792 1787 1834 his
1820 1791 1918 1850 ipsis
1952 1789 2081 1834 utitur
2115 1803 2220 1832 auc-

262 1870 431 1915 toribus.
497 1870 580 1914 Cfr.
622 1884 736 1929 capp.
787 1873 884 1920 118,
934 1872 1030 1922 120,
1074 1871 1174 1915 initt.
1239 1873 1285 1923 11,
1328 1873 1426 1922 141,
1463 1899 1522 1904 -
1558 1869 1909 1928 ὀλοφυρόμενον
1942 1865 1986 1912 δ’
2019 1867 2108 1927 ἄρα
2139 1885 2223 1923 μιν

260 1950 474 1994 ἐπελθεῖν
513 1946 667 2003 ὕπνον,
709 1957 789 1993 καί
825 1951 868 1993 οἳ
900 1949 1030 2001 δόξαι
1062 1950 1107 1993 ἐν
1139 1955 1189 2007 τῇ
1222 1950 1302 2008 ὄψι
1337 1951 1571 1994 ἐπιστάντα
1603 1954 1682 1995 τόν
1717 1952 1833 1994 θεᾶν
1868 1950 2126 2009 θαρσύνειν,
2162 1946 2224 1996 ὥς

262 2028 393 2076 οὖδὲν
426 2037 619 2074 πείσεται
653 2029 786 2088 ἄχαρι
820 2026 1036 2081 άντιάζων
1067 2033 1146 2075 τόν
1171 2027 1394 2090 Ἀραβίων
1428 2032 1616 2091 στρατόν
1636 2049 1646 2059 ·
1679 2027 1809 2080 aderis
1840 2030 1929 2090 γάρ
1954 2029 1998 2074 οἳ
2020 2035 2222 2086 πέμψειν

261 2112 500 2170 τιμωρούς.
552 2107 681 2160 miros
725 2117 926 2169 πέμψειν
974 2112 1128 2172 scripsit
1170 2112 1410 2164 Herodotus,
1454 2114 1573 2172 quasi
1615 2112 1871 2157 antecederet
1914 2107 1953 2154 ὅ.
1998 2111 2036 2154 δ’.
2083 2106 2125 2153 ά.
2169 2092 2242 2164 μά

261 2194 435 2250 ἐπῆλθε
486 2188 624 2240 ’ἶῖπνος
661 2198 741 2234 καί
779 2193 821 2234 οἳ
864 2191 988 2243 ἔδοξε,-
1029 2191 1061 2234 έ.
1095 2209 1127 2234 τ.
1161 2189 1196 2235 ὅ.
1237 2192 1412 2241 ἐπιστάς
1445 2193 1473 2236 ὅ
1506 2196 1617 2242 θεός
1649 2195 1698 2238 θ.
1734 2221 1794 2226 —-
1829 2221 1885 2226 ——
1921 2219 1994 2236 -—.
2030 2192 2076 2241 ll,
2123 2192 2219 2238 162.

262 2277 340 2319 τόν
374 2273 420 2317 δὲ
456 2268 576 2331 αὐτῷ
610 2269 949 2330 ὑποκρίνεσθαι,
983 2270 1045 2321 ὥς
1075 2300 1135 2304 -—
1163 2299 1221 2304 ——
1245 2300 1302 2306 —-
1322 2268 1504 2332 Ἀπρίην
1523 2290 1533 2301 ·
1558 2274 1841 2333 παρέσεσθαι
1864 2275 1953 2331 γάρ
1988 2275 2062 2314 καὶ
2094 2265 2224 2317 αὐτό,-

260 2360 336 2398 >cat
369 2352 535 2401 ἄλλους
566 2349 702 2404 ἄξειν.
770 2352 869 2397 Illud
902 2354 1179 2411 παρέσεσθαι
1213 2350 1340 2401 αὐτός
1372 2354 1535 2413 respicit
1567 2354 1595 2398 ὁ
1629 2355 1675 2398 δὲ
1710 2353 1978 2412 ὑπεκρίνετο.
2046 2352 2112 2402 lv,
2162 2353 2224 2401 15,

261 2439 591 2479 Μεταποντῖνοί
621 2448 730 2488 φασι
764 2428 896 2477 αὐτὸν
922 2427 1139 2492 Ἆριστέην
1171 2460 1231 2465 —
1265 2461 1325 2465 -
1359 2462 1420 2468 —-
1453 2436 1659 2480 κελεῦσαι
1694 2463 1754 2468 --
1778 2462 1839 2468 —-
1867 2449 1940 2468 —·
1967 2433 2110 2488 φάναι
2134 2431 2226 2491 γάρ

262 2530 342 2571 σφι
391 2517 467 2558 τὸν
509 2511 775 2559 Ἀπόλλωνα
809 2511 1088 2557 Ἰταλιωτέων
1125 2498 1339 2570 μούνοισι
1384 2515 1440 2573 ὃν]
1481 2512 1726 2561 άπικέσθαι
1762 2514 1805 2566 ἐς
1836 2518 1914 2574 τήν
1942 2514 2115 2574 χώρην,
2150 2517 2225 2556 καὶ

261 2592 392 2644 αὖτός
440 2596 483 2639 οἳ
526 2595 718 2639 ἕπεσθαι
761 2593 788 2638 ὅ
831 2598 910 2639 νῦν
948 2593 1034 2638 εἰῠν
1070 2589 1295 2654 Ἀριστέης.
1362 2595 1461 2641 Illud
1494 2592 1624 2645 αὗιός
1655 2596 1850 2641 ἕπε-σθαι
1882 2611 1965 2641 uon
2000 2595 2052 2639 ad
2086 2594 2226 2651 φάναι

261 2676 334 2721 sed
382 2675 433 2721 ad
474 2675 558 2733 ἔφη
602 2691 676 2720 nos
718 2682 890 2720 revocat.
955 2674 1043 2718 Jam
1083 2675 1333 2721 nominativo¹
1367 2677 1487 2720 semel
1521 2676 1699 2721 admisso
1743 2678 1892 2721 nemini
1929 2677 2077 2721 mirum
2110 2676 2226 2720 vide-

262 2766 356 2802 atur
389 2758 430 2800 in
462 2757 656 2817 proximis
688 2757 763 2816 legi
794 2758 913 2800 haec:
948 2755 1040 2798 τότε
1074 2755 1135 2808 δὲ,
1170 2752 1239 2799 ὅτε
1273 2755 1418 2799 εἵπετο
1451 2761 1516 2816 τῷ
1549 2759 1666 2817 θεῷ,
1703 2756 1818 2801 εἶναι
1851 2758 2007 2816 κόραξ.

387 2838 571 2883 Alterum
603 2838 749 2882 harum
782 2836 1128 2881 constructionum
1161 2851 1291 2896 genus
1323 2844 1411 2882 tum
1444 2845 1518 2890 est,
1553 2854 1681 2898 quum
1716 2848 1807 2899 post
1840 2840 2012 2885 verbum
2043 2838 2227 2898 sequitur

262 2919 486 2965 infinitivus
518 2935 612 2964 cum
645 2918 806 2963 duobus
840 2917 1029 2978 subjectis
1062 2918 1315 2976 conjunctus⁷
1350 2934 1526 2978 quorum
1561 2928 1783 2981 utrumque
1806 2922 1847 2965 in
1870 2920 2104 2966 nominativi
2127 2935 2226 2963 casu

370 3046 403 3092 ⁸)
431 3043 575 3082 Wendt.
603 3056 686 3091 pag.
716 3042 788 3087 25;
816 3041 988 3079 Ebhardt.
1032 3042 1086 3077 De
1109 3040 1403 3078 anacoluthorum
1421 3055 1489 3079 usu
1506 3042 1545 3079 in
1563 3044 1705 3093 script-is
1723 3044 1953 3082 Graecorum.
1998 3043 2061 3079 Pr.
2081 3043 2225 3089 Gymn..

261 3107 478 3153 Dillenburg
506 3105 619 3149 1860,
647 3119 730 3153 pag.
759 3105 796 3142 6.

384 3178 501 3212 Lunds
525 3177 622 3212 Univ.
646 3168 822 3212 Arsskrift.
867 3177 963 3212 Tom.
988 3176 1025 3211 V.
2087 3180 2107 3211 3
