2941 3765
1014 315 1064 349 ne
1087 313 1299 349 anacoluthis
1321 313 1537 348 Herodoteis.
2208 292 2266 334 33

300 438 422 468 σαντι
471 428 682 484 Φρυνίχῳ
730 425 888 484 δρᾶμα
929 426 1136 482 Μιλήτου
1177 419 1350 467 ἅλωσιν
1389 426 1464 465 καὶ
1497 420 1725 472 διδάξαντι
1758 417 1802 467 ἐς
1831 417 2006 477 δάκρυα
2044 444 2103 450 --
2136 416 2266 460 ἔπεσε

299 506 350 548 τᾶ
384 505 581 563 θέητρον
612 531 686 549 -.
720 506 860 565 Neque
891 519 915 550 a
949 505 1226 567 superioribus
1257 504 1449 549 abhorret
1481 502 1510 554 Ι,
1548 502 1574 547 7
1582 501 1621 552 4,
1658 496 1791 558 ὅρκια
1823 497 1872 541 δὲ
1909 503 2103 541 ποιέεται
2134 499 2268 539 ταῦτα

298 586 354 627 τά
386 583 527 626 ἔθνεα
568 586 622 627 τά
652 591 735 643 πέρ
767 601 813 628 τε
830 582 1058 643 ’Έλληνι-ς,
1091 589 1166 628 καὶ
1199 586 1313 642 πρὸς
1342 583 1533 626 τούτοισι
1568 608 1627 613 -
1662 606 1722 612 -
1757 604 1816 610 -
1850 580 1901 620 τό
1934 575 2052 633 αἷμα
2084 573 2267 620 άναλεί-

294 678 426 721 χουσι
459 660 689 722 άλλήλων,
721 665 831 725 quod
863 666 921 710 in'
937 666 1157 726 legitimum
1188 665 1371 710 ordinem
1406 664 1463 707 sio
1495 661 1674 707 converti
1708 660 1836 720 possit
1867 661 1920 702 τά
1951 664 2034 715 πέρ
2067 673 2112 700 τε
2147 658 2189 702 οἳ
2206 656 2264 701 Ἑ.

299 748 374 790 καὶ
406 741 526 787 ἄλλα
558 748 670 806 πρὸς
701 747 889 790 τούτοισι
907 761 919 772 ·
952 750 1026 789 καὶ
1056 747 1148 806 γάρ
1182 772 1242 779 —-
1276 771 1350 788 —.

422 825 511 869 Jam
544 826 607 870 aiii
639 826 713 870 loci
746 833 981 886 sequantur,
1015 826 1085 871 ubi
1117 832 1205 883 μέν
1236 833 1274 870 et
1308 825 1359 869 δέ
1389 824 1440 868 ad
1473 821 1795 886 oonneotendum
1828 820 2005 863 adhibita
2039 828 2149 863 sunt.
2214 820 2260 869 ΙΙ,

305 898 481 960 75η-
517 903 639 949 εἶδον
672 902 803 949 dorca
837 902 982 961 ὅφίων
1014 911 1087 949 καὶ
1120 900 1330 954 ἀκάνθας
1363 904 1542 963 πλήθεϊ
1569 908 1656 961 μὲν
1689 899 1887 947 ἅδύνατα
1919 898 2263 959 ἀπηγήσασθαι,

300 991 440 1046 σωροὶ
463 985 511 1030 δὲ
534 982 649 1044 ἦσαν
670 981 913 1031 α’κανθέων
934 992 1008 1031 καὶ
1030 988 1223 1043 μεγάλοι
1247 1014 1309 1021 --
1332 1014 1390 1021 -
1414 1014 1490 1030 --.
1513 986 1586 1030 Hic
1608 984 1837 1030 Herodotus
1860 984 2045 1029 dicturus
2066 989 2140 1032 est,
2166 996 2261 1025 ossa

297 1075 337 1112 et
359 1066 497 1127 spinas
517 1065 597 1112 vidi
618 1065 930 1112 innumerabiles
952 1074 991 1112 et
1012 1066 1054 1111 in
1075 1082 1240 1113 acervos
1261 1066 1457 1113 collectas.
1500 1066 1566 1119 IV,
1599 1069 1697 1119 181,
1718 1092 1781 1099 -
1798 1063 2043 1124 ἄνθρωποι
2062 1060 2259 1108 οἰκέουσι

298 1173 361 1179 -
383 1174 443 1180 -
467 1174 528 1178 -—
551 1174 610 1179 —-
634 1142 805 1206 πριὸτοι
827 1150 914 1200 μὲν
935 1174 998 1180 —
1020 1174 1080 1180 -—
1102 1150 1363 1203 Αμμώνιοι,
1387 1148 1496 1207 quod
1518 1147 1647 1206 eapite
1670 1154 1866 1205 sequente
1888 1144 2048 1204 respicit
2072 1135 2199 1186 Μέτά
2216 1141 2264 1184 δὲ

292 1222 576 1285 Ἂμμωνίους
607 1255 668 1261 -
702 1254 760 1260 —
795 1255 853 1260 —
890 1224 1130 1286 ἄνθρωποι
1163 1255 1223 1261 -
1258 1226 1452 1272 οἰκέουσι
1486 1256 1544 1260 -
1579 1256 1654 1281 -,
1687 1242 1865 1287 quocum
1898 1224 1970 1271 cfr.
2019 1224 2066 1277 V,
2106 1224 2182 1275 45,
2203 1250 2264 1257 -

299 1307 551 1368 Συβαρῖται
582 1310 670 1364 μὲν
704 1334 761 1340 -
796 1334 858 1340 --
890 1306 933 1351 οἳ
966 1302 1010 1350 δ’
1040 1302 1095 1351 αὖ
1129 1309 1444 1367 Κρωτωνιῆται
1478 1334 1552 1351 -.
1588 1307 1636 1359 V,
1677 1310 1775 1359 101,
1803 1303 1917 1365 ἦσαν
1940 1304 1987 1349 ἐν
2008 1308 2109 1364 τῇσι
2133 1305 2266 1362 Σάρ-

299 1386 388 1430 δισι
429 1386 568 1431 οἰκίαι
607 1387 652 1432 αἱ
693 1390 781 1445 μὲν
823 1389 1006 1437 πλεῦνες
1047 1387 1308 1445 καλάμιναι,
1341 1383 1444 1430 ὅσαι
1477 1383 1521 1430 δ’
1554 1382 1724 1430 αὗτέων
1754 1391 1831 1430 καὶ
1863 1385 2101 1429 πλίνθιναι
2135 1380 2265 1443 ἦσαν,

298 1469 511 1525 καλάμου
544 1466 666 1525 εἶχον
698 1470 776 1516 τάς
805 1465 988 1527 ὅροφάς.
1024 1466 1143 1525 εἶχον
1172 1469 1377 1528 participio
1409 1467 1589 1524 ἔχουσαι
1622 1468 1890 1512 substitutum
1913 1475 1989 1511 est.
2047 1468 2131 1517 Vll,
2164 1468 2263 1515 139,

299 1576 359 1582 -
403 1549 650 1607 ἐξέργομαι
682 1548 876 1604 γνιόμην
909 1544 1220 1599 ἀποδέξασθαι
1253 1547 1508 1602 ἐπίφθονον
1540 1552 1627 1603 μὲν
1659 1575 1720 1579 —
1753 1574 1812 1580 -—
1847 1574 1923 1600 —‚
1956 1543 2090 1602 ὅμως
2120 1546 2168 1589 δὲ
2202 1571 2265 1577 -

299 1656 359 1663 -
409 1655 471 1662 —-
501 1624 603 1671 ὀὐκ
651 1627 890 1684 ἐπισχήσω.
918 1639 921 1642 ’
956 1628 1192 1672 Enunoiatio
1239 1628 1302 1671 illa
1343 1628 1540 1679 absoluta,
1584 1644 1691 1687 quae
1731 1628 1971 1688 adjectivum
2006 1626 2265 1682 ἐπίφθονον

299 1710 495 1770 sequitur,
546 1708 676 1768 posita
721 1714 784 1752 est
823 1721 898 1767 pro
940 1706 1187 1765 ἐπισχετέην
1218 1708 1241 1752 Ι.
1277 1708 1392 1752 simili
1424 1708 1636 1754 locutione.
1703 1709 1772 1760 IX,
1811 1711 1851 1759 3,
1887 1705 2008 1752 ἄλλά
2040 1708 2084 1752 οἳ
2118 1707 2268 1756 δεινός

300 1806 364 1839 τις
403 1789 630 1833 ἐνέστακτο
674 1789 836 1849 ἵμερος
866 1790 942 1836 τοῖς
968 1785 1160 1845 Ἀθήνας
1191 1789 1374 1846 δεύτερα
1406 1788 1524 1833 ἑλεῖν
1556 1786 1656 1845 ἅμα
1688 1792 1775 1844 μὲν
1807 1786 1886 1833 ’ὑπ’
1918 1785 2264 1845 ἀγνωμοσύνης,

299 1868 399 1926 ἅμα
432 1870 481 1913 δὲ
514 1874 721 1929 πυρσοῖσι
755 1896 816 1902 -—
849 1895 912 1903 --
944 1868 1092 1913 ἐδόκεε
1125 1871 1308 1925 βασιλέϊ
1337 1871 1560 1928 δηλώσειν
1592 1896 1652 1903 --
1685 1897 1744 1903 —-
1767 1896 1830 1903 —-
1854 1866 1923 1913 ὅτι
1944 1869 2039 1925 ἔχοι
2055 1865 2264 1925 Ἀθήνας.

298 1951 371 1995 Hie
403 1966 567 2011 quoque
599 1966 755 1995 comma
789 1958 882 2010 post
914 1949 1030 1993 ἑλεῖν
1062 1950 1199 1995 delens
1230 1951 1430 2003 Dietschii,
1467 1952 1653 2004 Abichtii‚
1691 1952 1901 2012 Kruegeri,
1936 1949 2077 1994 Steinii
2111 1948 2264 1992 distin—

298 2032 447 2092 guendi
496 2031 691 2075 rationem
739 2031 920 2086 deseru13
970 2030 1117 2082 Sehw„
1167 2031 1249 2091 Sg„
1301 2032 1389 2076 Joh.
1430 2033 1545 2076 colon
1596 2041 1835 2092 posuerunt.
1902 2031 2086 2091 Scriptor
2127 2039 2265 2075 autem

298 2113 410 2158 initio
458 2112 642 2157 dicturus
692 2112 861 2163 videtur,
906 2111 1156 2156 Mardonium
1194 2128 1320 2171 quum
1369 2113 1638 2172 imprudentia
1688 2122 1775 2158 tum
1818 2113 2006 2163 vanitate,
2043 2121 2089 2157 ut
2121 2113 2263 2157 eonsi-

299 2194 395 2240 lium
444 2192 731 2237 Thebanorum
781 2192 1021 2252 repudiaret,
1071 2192 1289 2238 adductum
1338 2208 1450 2247 esse;
1495 2193 1565 2237 sed
1609 2193 1781 2239 alterum
1816 2192 2046 2238 membrum
2079 2193 2264 2238 absoluta

299 2274 579 2318 enunciatione
620 2273 832 2333 expressit.
897 2272 967 2316 Hic
1007 2272 1152 2316 afferre
1191 2273 1303 2317 liceat
1347 2274 1490 2324 locum,
1528 2273 1597 2318 ubi
1629 2280 1719 2329 μέν
1751 2281 1791 2317 et
1824 2274 1875 2317 δέ
1906 2273 2005 2317 satis
2038 2273 2159 2333 longo
2191 2273 2263 2316 in-

299 2354 465 2400 tervallo
515 2360 611 2398 suut
658 2353 858 2414 disjuncta
906 2352 958 2397 ob
999 2367 1166 2414 eamque
1208 2368 1290 2406 rem
1331 2354 1502 2399 alterum
1542 2354 1771 2399 membrum
1804 2354 2049 2405 absolutum,
2081 2354 2151 2406 ΙΙΙ,
2190 2357 2264 2398 80·

292 2431 421 2491 Ἐμοὶ
470 2433 631 2488 δοκέει,
681 2433 760 2476 ἕνα
806 2437 894 2490 μὲν
942 2422 1098 2490 ἦμέών
1142 2436 1403 2493 μούναρχον
1450 2436 1665 2491 (μοῦνον)
1699 2440 1857 2491 μηκέτι
1892 2435 2125 2490 γενέσθαι.
2190 2434 2266 2478 Cui

300 2516 518 2575 respondet
549 2514 659 2574 quod
692 2515 733 2558 in
765 2522 946 2559 extremo
977 2514 1104 2573 capite
1135 2514 1277 2574 legitur
1310 2516 1491 2571 πλῆθος
1524 2515 1573 2559 δὲ
1605 2513 1746 2575 α”ρχον
1780 2542 1839 2548 —
1876 2542 1935 2548 —-
1970 2541 2044 2558 -.

422 2596 554 2642 Etiam
586 2602 679 2656 post
710 2594 942 2648 locutiones,
978 2610 1081 2656 quae
1111 2594 1383 2656 appositionis,
1419 2610 1542 2655 quam
1576 2594 1727 2649 dieunt,
1763 2595 1895 2642 locum
1929 2595 2124 2648 obtinent,
2159 2595 2267 2641 alte-

300 2691 392 2721 rum
424 2677 654 2721 membrum
686 2676 870 2721 absoluta
903 2676 1178 2721 enunciatione
1208 2675 1447 2726 continetur,
1482 2676 1599 2734 cujus
1634 2684 1866 2722 structurae
1897 2677 2081 2736 exempla
2113 2676 2266 2720 affera-

300 2774 393 2803 mus
433 2759 479 2809 ΙΙ,
531 2758 630 2809 134,
664 2783 725 2789 ——
759 2783 819 2790 ——
849 2755 1073 2805 Ῥοδῶπις
1109 2759 1267 2813 γενεήν
1305 2759 1392 2811 μὲν
1432 2752 1524 2799 dms
1567 2756 1774 2816 Θρηΐκης,
1821 2758 1962 2815 δούλη
2007 2757 2053 2801 δὲ
2095 2753 2151 2814 ἦν
2176 2753 2267 2800 Ἰά-

304 2838 477 2895 δμονος
507 2865 583 2882 -—-.
617 2839 682 2889 ΙΙΙ,
722 2838 760 2889 4,
799 2833 851 2895 ἦν
882 2839 971 2880 τῶν
1003 2835 1255 2896 ἐπικούρων
1286 2838 1374 2879 τῶν
1400 2831 1615 2892 Ἂμάσιος
1644 2833 1760 2896 άνηρ
1793 2844 1923 2894 γένος
1952 2842 2040 2894 μὲν
2056 2838 2265 2896 Ἁλικαρ-

300 2921 469 2977 νησεῠς,
504 2917 685 2975 οὕνομα
718 2917 770 2962 δέ
801 2918 844 2963 οἳ
878 2913 933 2976 ἥν
967 2919 1131 2976 Φάνης.
1198 2917 1262 2968 vl,
1300 2918 1369 2967 54,
1396 2942 1458 2948 —-
1491 2919 1766 2977 Δημάρητος
1800 2945 1857 2952 -
1893 2946 1952 2951 -
1988 2945 2049 2952 -
2082 2918 2170 2962 ἐῶν
2206 2945 2265 2951 -

300 3025 361 3032 -
413 3025 471 3031 -
522 2997 664 3057 οἰκίης
710 3024 773 3031 -
804 3001 880 3056 τῆς
912 2996 1227 3057 ὑποδεεστέρης
1256 2992 1370 3039 κατ’
1404 2995 1521 3041 ἄλλο
1554 3000 1642 3053 μὲν
1674 2994 1805 3041 οὐδὲν
1837 2997 2169 3059 ύποδεεσιέρης,
2204 3026 2267 3031 -

302 3105 361 3112 --
413 3105 471 3112 —-
522 3104 583 3111 ——-
629 3080 740 3122 κατά
794 3079 1146 3138 πρεσβυγένειαν
1193 3076 1244 3120 δέ
1282 3091 1372 3125 κως
1401 3083 1622 3135 τετίμηται
1656 3079 1843 3134 μᾶλλον
1877 3077 1906 3137 ἦ
1939 3076 2264 3139 Εὐρυσθένεος.

421 3171 537 3205 Lunds
563 3170 659 3205 Univ.
684 3162 860 3205 Arsskrist.
905 3171 1002 3206 Tom.
1028 3171 1065 3204 V.
2125 3173 2146 3206 6
